@article{CarliniCatalisanoGeramita2012,
title = {The solution to the Waring problem for monomials and the sum of coprime monomials},
journal = {Journal of Algebra},
volume = {370},
pages = {5-14},
year = {2012},
issn = {0021-8693},
doi = {https://doi.org/10.1016/j.jalgebra.2012.07.028},
url = {https://www.sciencedirect.com/science/article/pii/S0021869312003730},
author = {Enrico Carlini and Maria Virginia Catalisano and Anthony V. Geramita},
keywords = {Waring problem for homogeneous polynomial, Waring rank},
abstract = {In this paper we compute the Waring rank of any polynomial of the form F=∑i=1rMi, where the Mi are pairwise coprime monomials, i.e., GCD(Mi,Mj)=1 for i≠j. In particular, we determine the Waring rank of any monomial. As an application we show that certain monomials in three variables give examples of forms of rank higher than the generic form. As a further application we produce a sum of power decomposition for any form which is the sum of pairwise coprime monomials.}
}

@article{BuczynskaBuczynskiTeitler2014,
title = {Waring decompositions of monomials},
journal = {Journal of Algebra},
volume = {378},
pages = {45-57},
year = {2013},
issn = {0021-8693},
doi = {https://doi.org/10.1016/j.jalgebra.2012.12.011},
url = {https://www.sciencedirect.com/science/article/pii/S0021869312006308},
author = {Weronika Buczyńska and Jarosław Buczyński and Zach Teitler},
keywords = {Canonical forms, Waring rank, Waring decomposition, Variety of sums of powers},
abstract = {A Waring decomposition of a polynomial is an expression of the polynomial as a sum of powers of linear forms, where the number of summands is minimal possible. We prove that any Waring decomposition of a monomial is obtained from a complete intersection ideal, determine the dimension of the set of Waring decompositions, and give the conditions under which the Waring decomposition is unique up to scaling the variables.}
}

@article{LandsbergTeitler2011,
  author       = {J. M. Landsberg and
                  Zach Teitler},
  title        = {On the Ranks and Border Ranks of Symmetric Tensors},
  journal      = {Found. Comput. Math.},
  volume       = {10},
  number       = {3},
  pages        = {339--366},
  year         = {2010},
  url          = {https://doi.org/10.1007/s10208-009-9055-3},
  doi          = {10.1007/S10208-009-9055-3},
  timestamp    = {Fri, 13 Mar 2020 14:35:24 +0100},
  biburl       = {https://dblp.org/rec/journals/focm/LandsbergT10.bib},
  bibsource    = {dblp computer science bibliography, https://dblp.org}
}

% Encoding: UTF-8

@PhdThesis{alder1984,
  title={Grenzrang und Grenzkomplexit{\"a}t aus algebraischer und topologischer Sicht},
  author={Alder, Alexander},
  year={1984},
  school={Universität Zürich}
}

@article{AlHir:Poly_interpolation_in_several_variables,
	author = {J. Alexander and A. Hirschowitz},
	issn = {1056-3911},
	journal = {J. Alg. Geom.},
	number = {2},
	pages = {201--222},
	title = {{Polynomial interpolation in several variables}},
	volume = {4},
	year = {1995}
}

@inproceedings{DBLP:conf/coco/AlexeevFT11,
  author       = {Boris Alexeev and
                  Michael A. Forbes and
                  Jacob Tsimerman},
  title        = {Tensor Rank: Some Lower and Upper Bounds},
  fbooktitle    = {Proceedings of the 26th Annual {IEEE} Conference on Computational
                  Complexity, {CCC} 2011, San Jose, California, USA, June 8-10, 2011},
  booktitle = {{CCC} 2011},
  pages        = {283--291},
  publisher    = {{IEEE} Computer Society},
  year         = {2011},
  url          = {https://doi.org/10.1109/CCC.2011.28},
  doi          = {10.1109/CCC.2011.28},
  timestamp    = {Wed, 31 May 2023 21:01:13 +0200},
  biburl       = {https://dblp.org/rec/conf/coco/AlexeevFT11.bib},
  bibsource    = {dblp computer science bibliography, https://dblp.org}
}

@article{AW16,
  author    = {Eric Allender and
               Fengming Wang},
  title     = {On the power of algebraic branching programs of width two},
  journal   = {Computational Complexity},
  volume    = {25},
  number    = {1},
  pages     = {217--253},
  year      = {2016},
  url       = {https://doi.org/10.1007/s00037-015-0114-7},
  doi       = {10.1007/s00037-015-0114-7},
  timestamp = {Sun, 28 May 2017 13:19:16 +0200},
  biburl    = {https://dblp.org/rec/bib/journals/cc/AllenderW16},
  bibsource = {dblp computer science bibliography, https://dblp.org}
}

@article{ballico2019ranks,
  title={On the ranks of homogeneous polynomials of degree at least 9 and border rank 5},
  author={Ballico, Edoardo},
  journal={Note di Matematica},
  volume={38},
  number={2},
  pages={55--92},
  year={2019},
  doi={10.1285/i15900932v38n2p55}
}

@article {ballicobernardi13,
    AUTHOR = {Ballico, Edoardo and Bernardi, Alessandra},
     TITLE = {Stratification of the fourth secant variety of {V}eronese
              varieties via the symmetric rank},
   JOURNAL = {Adv. Pure Appl. Math.},
  FJOURNAL = {Advances in Pure and Applied Mathematics},
    VOLUME = {4},
      YEAR = {2013},
    NUMBER = {2},
     PAGES = {215--250},
      ISSN = {1867-1152,1869-6090},
   MRCLASS = {14N05 (15A69)},
  MRNUMBER = {3069955},
       DOI = {10.1515/apam-2013-0015},
       URL = {https://doi.org/10.1515/apam-2013-0015},
}

@article{ballicobernardi2012,
  title={Curvilinear schemes and maximum rank of forms},
  author={Ballico, Edoardo and Bernardi, Alessandra},
  journal={Le Matematiche},
  volume={72},
  number={1},
  pages={137--144},
  year={2017},
  doi={10.4418/2017.72.1.10}
}

@article {BBM-ranks,
    AUTHOR = {Bernardi, Alessandra and Brachat, J\'{e}r\^{o}me and Mourrain,
              Bernard},
     TITLE = {A comparison of different notions of ranks of symmetric
              tensors},
   JOURNAL = {Linear Algebra Appl.},
  FJOURNAL = {Linear Algebra and its Applications},
    VOLUME = {460},
      YEAR = {2014},
     PAGES = {205--230},
      ISSN = {0024-3795,1873-1856},
   MRCLASS = {15A69},
  MRNUMBER = {3250539},
MRREVIEWER = {Gustavo\ Adolfo\ Mu\~{n}oz-Fern\'{a}ndez},
       DOI = {10.1016/j.laa.2014.07.036},
       URL = {https://doi.org/10.1016/j.laa.2014.07.036},
}

@article{Bernardi2018,
    AUTHOR = {Bernardi, Alessandra and Jelisiejew, Joachim and Macias
              Marques, Pedro and Ranestad, Kristian},
     TITLE = {On polynomials with given {H}ilbert function and applications},
   JOURNAL = {Collect. Math.},
  FJOURNAL = {Collectanea Mathematica},
    VOLUME = {69},
      YEAR = {2018},
    NUMBER = {1},
     PAGES = {39--64},
      ISSN = {0010-0757,2038-4815},
   MRCLASS = {13H10 (13D40 14N05 14Q15)},
  MRNUMBER = {3742979},
MRREVIEWER = {Alessandro\ Oneto},
       DOI = {10.1007/s13348-016-0190-2},
       URL = {https://doi.org/10.1007/s13348-016-0190-2},
}

@article {Bin80,
    AUTHOR = {Bini, Dario},
     TITLE = {Relations between exact and approximate bilinear algorithms.
              {A}pplications},
   JOURNAL = {Calcolo},
  FJOURNAL = {Calcolo. A Quarterly on Numerical Analysis and Theory of
              Computation},
    VOLUME = {17},
      YEAR = {1980},
    NUMBER = {1},
     PAGES = {87--97},
      ISSN = {0008-0624},
   MRCLASS = {68C25},
  MRNUMBER = {605920},
       DOI = {10.1007/BF02575865},
       URL = {https://doi.org/10.1007/BF02575865},
}

@article{BCRL79,
  author    = {Dario Bini and
               Milvio Capovani and
               Francesco Romani and
               Grazia Lotti},
  title     = {{$O(n^{2.7799})$} Complexity for $n \times n$ Approximate Matrix Multiplication},
  journal   = {Inf. Process. Lett.},
  volume    = {8},
  number    = {5},
  pages     = {234--235},
  year      = {1979},
  url       = {https://doi.org/10.1016/0020-0190(79)90113-3},
  doi       = {10.1016/0020-0190(79)90113-3},
  timestamp = {Tue, 06 Jun 2017 22:27:05 +0200},
  biburl    = {https://dblp.org/rec/journals/ipl/BiniCRL79.bib},
  bibsource = {dblp computer science bibliography, https://dblp.org}
}

@inproceedings{blaser2020complexity,
  author       = {Markus Bl{\"{a}}ser and
                  Julian D{\"{o}}rfler and
                  Christian Ikenmeyer},
  feditor       = {Valentine Kabanets},
  title        = {On the Complexity of Evaluating Highest Weight Vectors},
  fbooktitle    = {36th Computational Complexity Conference, {CCC} 2021, July 20-23,
                  2021, Toronto, Ontario, Canada (Virtual Conference)},
  booktitle    = {36th Computational Complexity Conference ({CCC} 2021)},
  series       = {LIPIcs},
  volume       = {200},
  pages        = {29:1--29:36},
  publisher    = {Dagstuhl},
  year         = {2021},
  url          = {https://doi.org/10.4230/LIPIcs.CCC.2021.29},
  doi          = {10.4230/LIPIcs.CCC.2021.29},
  timestamp    = {Thu, 02 Feb 2023 13:27:03 +0100},
  biburl       = {https://dblp.org/rec/conf/coco/BlaserDI21.bib},
  bibsource    = {dblp computer science bibliography, https://dblp.org}
}

@article{BlekTeit:MaximumTypicalGenericRanks,
    AUTHOR = {Blekherman, Grigoriy and Teitler, Zach},
     TITLE = {On maximum, typical and generic ranks},
   JOURNAL = {Math. Ann.},
  FJOURNAL = {Mathematische Annalen},
    VOLUME = {362},
      YEAR = {2015},
    NUMBER = {3-4},
     PAGES = {1021--1031},
      ISSN = {0025-5831,1432-1807},
   MRCLASS = {14N15 (15A21 15A69)},
  MRNUMBER = {3368091},
MRREVIEWER = {Marie-Am\'{e}lie\ Renee\ Bertin},
       DOI = {10.1007/s00208-014-1150-3},
       URL = {https://doi.org/10.1007/s00208-014-1150-3},
}

@article{BIZ18,
  author    = {Karl Bringmann and
               Christian Ikenmeyer and
               Jeroen Zuiddam},
  title     = {On Algebraic Branching Programs of Small Width},
  journal   = {J. {ACM}},
  volume    = {65},
  number    = {5},
  pages     = {32:1--32:29},
  year      = {2018},
  url       = {https://doi.org/10.1145/3209663},
  doi       = {10.1145/3209663},
  timestamp = {Wed, 21 Nov 2018 12:44:29 +0100},
  biburl    = {https://dblp.org/rec/bib/journals/jacm/BringmannIZ18},
  bibsource = {dblp computer science bibliography, https://dblp.org}
}

@article{BuczBucz:SecantVarsHighDegVeroneseReembeddingsCataMatAndGorSchemes,
    AUTHOR = {Buczy\'{n}ska, Weronika and Buczy\'{n}ski, Jaros\l{}aw},
     TITLE = {Secant varieties to high degree {V}eronese reembeddings,
              catalecticant matrices and smoothable {G}orenstein schemes},
   JOURNAL = {J. Algebraic Geom.},
  FJOURNAL = {Journal of Algebraic Geometry},
    VOLUME = {23},
      YEAR = {2014},
    NUMBER = {1},
     PAGES = {63--90},
      ISSN = {1056-3911,1534-7486},
   MRCLASS = {14N05 (14M12)},
  MRNUMBER = {3121848},
MRREVIEWER = {Enrico\ Carlini},
       DOI = {10.1090/S1056-3911-2013-00595-0},
       URL = {https://doi.org/10.1090/S1056-3911-2013-00595-0},
}

@article{BB-wild,
    AUTHOR = {Buczy\'{n}ska, Weronika and Buczy\'{n}ski, Jaros\l{}aw},
     TITLE = {On differences between the border rank and the smoothable rank
              of a polynomial},
   JOURNAL = {Glasg. Math. J.},
  FJOURNAL = {Glasgow Mathematical Journal},
    VOLUME = {57},
      YEAR = {2015},
    NUMBER = {2},
     PAGES = {401--413},
      ISSN = {0017-0895,1469-509X},
   MRCLASS = {14N05},
  MRNUMBER = {3333949},
MRREVIEWER = {Roberto\ Mu\~{n}oz},
       DOI = {10.1017/S0017089514000378},
       URL = {https://doi.org/10.1017/S0017089514000378},
}

@article{BBT-monomials,
  author = {Weronika Buczyńska and Jarosław Buczyński and Zach Teitler},
  title = {Waring decompositions of monomials},
  journal = {Journal of Algebra},
  volume = {378},
  pages = {45-57},
  year = {2013},
  doi = {10.1016/j.jalgebra.2012.12.011},
}

@article{BB-apolarity,
author = {Weronika Buczyńska and Jarosław Buczyński},
title = {Apolarity, border rank, and multigraded {Hilbert} scheme},
volume = {170},
journal = {Duke Math. J.},
number = {16},
publisher = {Duke University Press},
pages = {3659--3702},
keywords = {apolarity, border rank, Cox ring, invariant ideals, multigraded Hilbert scheme, variety of sums of powers},
year = {2021},
doi = {10.1215/00127094-2021-0048},
URL = {https://doi.org/10.1215/00127094-2021-0048}
}

@Book{bcs97,
  author	= {Peter B{\"u}rgisser and Michael Clausen and Mohammad Amin Shokrollahi},
  publisher	= {Springer-Verlag},
  series	= {Grundlehren der mathematischen Wissenschaften},
  title		= {Algebraic Complexity Theory},
  volume	= {315},
  year		= {1997},
  doi = {10.1007/978-3-662-03338-8}
}

@article{Bur04,
  author       = {Peter B{\"{u}}rgisser},
  title        = {The Complexity of Factors of Multivariate Polynomials},
  journal      = {Found. Comput. Math.},
  volume       = {4},
  number       = {4},
  pages        = {369--396},
  year         = {2004},
  url          = {https://doi.org/10.1007/s10208-002-0059-5},
  doi          = {10.1007/s10208-002-0059-5},
  timestamp    = {Fri, 13 Mar 2020 14:35:35 +0100},
  biburl       = {https://dblp.org/rec/journals/focm/Burgisser04.bib},
  bibsource    = {dblp computer science bibliography, https://dblp.org}
}

@article{Bur04correction,
  author       = {Peter B{\"{u}}rgisser},
  title        = {Correction To: The Complexity of Factors of Multivariate Polynomials},
  journal      = {Found. Comput. Math.},
  volume       = {20},
  number       = {6},
  pages        = {1667--1668},
  year         = {2020},
  url          = {https://doi.org/10.1007/s10208-020-09477-6},
  doi          = {10.1007/s10208-020-09477-6},
  timestamp    = {Mon, 23 Nov 2020 15:09:40 +0100},
  biburl       = {https://dblp.org/rec/journals/focm/Burgisser20.bib},
  bibsource    = {dblp computer science bibliography, https://dblp.org}
}

@incollection{carlini2006reducing,
    AUTHOR = {Carlini, Enrico},
     TITLE = {Reducing the number of variables of a polynomial},
 BOOKTITLE = {Algebraic geometry and geometric modeling},
     PAGES = {237--247},
 PUBLISHER = {Springer, Berlin},
      YEAR = {2006},
      ISBN = {978-3-540-33274-9; 3-540-33274-X},
   MRCLASS = {12Y05 (12D99)},
  MRNUMBER = {2279854},
       DOI = {10.1007/978-3-540-33275-6_15},
}

@article{Cay:TheoryLinTransformations,
	author = {Cayley, Arthur},
	journal = {Cambridge Math. J.},
	pages = {193--209},
	title = {{On the theory of linear transformations}},
	volume = {IV},
	year = {1845},
    note = {Reprinted in A. Cayley, \emph{The Collected Mathematical Papers I}, 80--94, Cambridge University Press, 1889},
    doi = {10.1017/CBO9780511703676.014}
}

@article{CHIL18,
author = {Chiantini, Luca and Hauenstein, Jonathan D. and Ikenmeyer, Christian and Landsberg, Joseph M. and Ottaviani, Giorgio},
title = {Polynomials and the exponent of matrix multiplication},
journal = {Bull. LMS},
volume = {50},
number = {3},
pages = {369-389},
year = {2018},
doi = {10.1112/blms.12147}
}

@article{Cleb:TheorieFlachen,
	author = {Alfred Clebsch},
	journal = {J. Reine Angew. Math.},
	pages = {93--108},
	publisher = {Walter de Gruyter, Berlin/New York Berlin, New York},
	title = {{Zur Theorie der algebraischen Flächen}},
	volume = {58},
    issue = {2},
	year = {1861},
    doi = {10.1515/crll.1861.58.93}
}

@inproceedings{duttademystifying,
  author       = {Pranjal Dutta and
                  Prateek Dwivedi and
                  Nitin Saxena},
  title        = {Demystifying the border of depth-3 algebraic circuits},
  fbooktitle    = {62nd {IEEE} Annual Symposium on Foundations of Computer Science, {FOCS}
                  2021, Denver, CO, USA, February 7-10, 2022},
  booktitle    = {{FOCS} 2021},
  pages        = {92--103},
  publisher    = {{IEEE}},
  year         = {2021},
  url          = {https://doi.org/10.1109/FOCS52979.2021.00018},
  doi          = {10.1109/FOCS52979.2021.00018},
  timestamp    = {Mon, 26 Jun 2023 20:47:33 +0200},
  biburl       = {https://dblp.org/rec/conf/focs/DuttaD021.bib},
  bibsource    = {dblp computer science bibliography, https://dblp.org}
}

@InProceedings{	  EGOW18,
  author       = {Klim Efremenko and
                  Ankit Garg and
                  Rafael Mendes de Oliveira and
                  Avi Wigderson},
  feditor       = {Anna R. Karlin},
  title        = {Barriers for Rank Methods in Arithmetic Complexity},
  fbooktitle    = {9th Innovations in Theoretical Computer Science Conference, {ITCS}
                  2018, January 11-14, 2018, Cambridge, MA, {USA}},
  booktitle    = {9th Innovations in Theoretical Computer Science Conference ({ITCS}
                  2018)},
  series       = {LIPIcs},
  volume       = {94},
  pages        = {1:1--1:19},
  publisher    = {Dagstuhl},
  year         = {2018},
  url          = {https://doi.org/10.4230/LIPIcs.ITCS.2018.1},
  doi          = {10.4230/LIPIcs.ITCS.2018.1},
  timestamp    = {Tue, 11 Feb 2020 15:52:14 +0100},
  biburl       = {https://dblp.org/rec/conf/innovations/EfremenkoGOW18.bib},
  bibsource    = {dblp computer science bibliography, https://dblp.org}
}

@misc{Forbes16,
  author       = {Michael Forbes},
  title        = {Some concrete questions on the border complexity of polynomials},
  howpublished = {Presentation given at the Workshop on Algebraic Complexity Theory ({WACT} 2016) in {T}el {A}viv},
  year         = {2016},
  url          = {https://www.youtube.com/watch?v=1HMogQIHT6Q},
}

@book{grace_young_2010,
  author={Grace, John Hilton and Young, Alfred},
  title={The Algebra of Invariants},
  series={Cambridge Library Collection --- Mathematics},
  publisher={Cambridge University Press},
  place={Cambridge},
  year={2010},
  doi={10.1017/CBO9780511708534},
  pages={375–377}
}

@article{haiman2004multigraded,
  title={Multigraded {Hilbert} schemes},
  author={Haiman, Mark and Sturmfels, Bernd},
  journal={Journal of Algebraic Geometry},
  volume={13},
  number={4},
  pages={725--769},
  year={2004},
  doi={10.1090/S1056-3911-04-00373-X}
}

@book {Hartshorne,
    AUTHOR = {Hartshorne, Robin},
     TITLE = {Algebraic geometry},
      NOTE = {Graduate Texts in Mathematics, No. 52},
 PUBLISHER = {Springer},
   ADDRESS = {New York},
      YEAR = {1977},
     PAGES = {xvi+496},
      ISBN = {0-387-90244-9},
   MRCLASS = {14-01},
  MRNUMBER = {0463157 (57 \#3116)},
MRREVIEWER = {Robert Speiser},
  BOEKCODE = {14-xx},
doi = {10.1007/978-1-4757-3849-0}
}

@article{Iarrobino_1995,
	doi = {10.1006/jabr.1995.1169},
	year = 1995,
	publisher = {Elsevier {BV}},
	volume = {174},
	number = {3},
	pages = {1091--1110},
	author = {Anthony Iarrobino},
	title = {Inverse System of a Symbolic Power {II}. The {W}aring Problem for Forms},
	journal = {Journal of Algebra}
}

@book {Iarrobino-Kanev,
    AUTHOR = {Iarrobino, Anthony and Kanev, Vassil},
     TITLE = {Power sums, {G}orenstein algebras, and determinantal loci},
    SERIES = {Lecture Notes in Mathematics},
    VOLUME = {1721},
 PUBLISHER = {Springer-Verlag, Berlin},
      YEAR = {1999},
     PAGES = {xxxii+345},
      ISBN = {3-540-66766-0},
       DOI = {10.1007/BFb0093426},
}

@article{IS22,
  author       = {Christian Ikenmeyer and
                  Abhiroop Sanyal},
  title        = {A note on {VNP}-completeness and border complexity},
  journal      = {Inf. Process. Lett.},
  volume       = {176},
  pages        = {106243},
  year         = {2022},
  url          = {https://doi.org/10.1016/j.ipl.2021.106243},
  doi          = {10.1016/j.ipl.2021.106243},
  timestamp    = {Tue, 22 Feb 2022 17:23:26 +0100},
  biburl       = {https://dblp.org/rec/journals/ipl/IkenmeyerS22.bib},
  bibsource    = {dblp computer science bibliography, https://dblp.org}
}

@article{Jeli:Pathologies,
	author = {Joachim Jelisiejew},
	journal = {Inventiones mathematicae},
	number = {2},
	pages = {581–610},
	publisher = {Springer},
	title = {{Pathologies on the Hilbert scheme of points}},
	volume = {220},
	year = {2020},
    doi = {10.1007/s00222-019-00939-5}
}

@misc{JelMan:LimitsSaturatedIdeals,
      title={Limits of saturated ideals}, 
      author={Joachim Jelisiejew and Tomasz Mańdziuk},
      year={2022},
      eprint={2210.13579},
      archivePrefix={arXiv},
      primaryClass={math.AC}
}

@article{Galazka:VectorBundlesGiveEqnsForCactus,
	author = {Maciej Ga{\l}\k{a}zka},
	journal = {Lin. Alg. Appl.},
	pages = {254–262},
	publisher = {Elsevier},
	title = {{Vector bundles give equations of cactus varieties}},
	volume = {521},
	year = {2017},
        doi = {10.1016/j.laa.2016.12.005}
}

@misc{BerOneTau:SchemesEvincedGAD,
	author = {Alessandra Bernardi and Alessandro Oneto and Daniele Taufer},
	title = {{On schemes evinced by generalized additive decompositions and their regularity}},
      year={2023},
      eprint={2309.12961},
      archivePrefix={arXiv},
      primaryClass={math.AC}
}



@article {Jelisiejew-maxrank,
    AUTHOR = {Jelisiejew, Joachim},
     TITLE = {An upper bound for the {W}aring rank of a form},
   JOURNAL = {Arch. Math. (Basel)},
  FJOURNAL = {Archiv der Mathematik},
    VOLUME = {102},
      YEAR = {2014},
    NUMBER = {4},
     PAGES = {329--336},
      ISSN = {0003-889X,1420-8938},
   MRCLASS = {13P05},
  MRNUMBER = {3196960},
MRREVIEWER = {S.\ D.\ Cohen},
       DOI = {10.1007/s00013-014-0632-6},
       URL = {https://doi.org/10.1007/s00013-014-0632-6},
}

@article{kayal2007polynomial,
  author       = {Neeraj Kayal and
                  Nitin Saxena},
  title        = {Polynomial Identity Testing for Depth 3 Circuits},
  journal      = {comput. complex.},
  volume       = {16},
  number       = {2},
  pages        = {115--138},
  year         = {2007},
  url          = {https://doi.org/10.1007/s00037-007-0226-9},
  doi          = {10.1007/s00037-007-0226-9},
  timestamp    = {Sun, 15 Mar 2020 19:46:51 +0100},
  biburl       = {https://dblp.org/rec/journals/cc/KayalS07.bib},
  bibsource    = {dblp computer science bibliography, https://dblp.org}
}

@book{Kra85,
  title={Geometrische {M}ethoden in der {I}nvariantentheorie},
  author={Kraft, Hanspeter},
  year={1985},
  publisher={Springer},
  address={Berlin},
  edition={2},
  doi={10.1007/978-3-663-10143-7}
}

@article{kum20,
  author    = {Mrinal Kumar},
  title     = {On the Power of Border of Depth-3 Arithmetic Circuits},
  journal   = {{ACM} Trans. Comput. Theory},
  volume    = {12},
  number    = {1},
  pages     = {5:1--5:8},
  year      = {2020},
  url       = {https://doi.org/10.1145/3371506},
  doi       = {10.1145/3371506},
  timestamp = {Fri, 17 Jul 2020 15:39:44 +0200},
  biburl    = {https://dblp.org/rec/journals/toct/Kumar20.bib},
  bibsource = {dblp computer science bibliography, https://dblp.org}
}

@article{landsberg2010,
  author    = {Joseph M. Landsberg and
               Zach Teitler},
  title     = {On the Ranks and Border Ranks of Symmetric Tensors},
  journal   = {Found. Comput. Math.},
  volume    = {10},
  number    = {3},
  pages     = {339--366},
  year      = {2010},
  url       = {https://doi.org/10.1007/s10208-009-9055-3},
  doi       = {10.1007/s10208-009-9055-3},
  timestamp = {Fri, 13 Mar 2020 14:35:24 +0100},
  biburl    = {https://dblp.org/rec/journals/focm/LandsbergT10.bib},
  bibsource = {dblp computer science bibliography, https://dblp.org}
}

@article{lehmkuhl1989order,
  author       = {Thomas Lehmkuhl and
                  Thomas Lickteig},
  title        = {On the Order of Approximation in Approximative Triadic Decompositions
                  of Tensors},
  journal      = {Theor. Comput. Sci.},
  volume       = {66},
  number       = {1},
  pages        = {1--14},
  year         = {1989},
  url          = {https://doi.org/10.1016/0304-3975(89)90141-2},
  doi          = {10.1016/0304-3975(89)90141-2},
  timestamp    = {Wed, 17 Feb 2021 21:59:51 +0100},
  biburl       = {https://dblp.org/rec/journals/tcs/LehmkuhlL89.bib},
  bibsource    = {dblp computer science bibliography, https://dblp.org}
}

@article{MS01,
  author    = {Ketan Mulmuley and
               Milind A. Sohoni},
  title     = {Geometric Complexity Theory {I:} An Approach to the {P} vs. {NP} and
               Related Problems},
  journal   = {{SIAM} J. Comput.},
  volume    = {31},
  number    = {2},
  pages     = {496--526},
  year      = {2001},
  url       = {https://doi.org/10.1137/S009753970038715X},
  doi       = {10.1137/S009753970038715X},
  timestamp = {Sat, 27 May 2017 14:22:59 +0200},
  biburl    = {https://dblp.org/rec/journals/siamcomp/MulmuleyS01.bib},
  bibsource = {dblp computer science bibliography, https://dblp.org}
}

@InProceedings{nis91,
  author       = {Noam Nisan},
  feditor       = {Cris Koutsougeras and
                  Jeffrey Scott Vitter},
  title        = {Lower Bounds for Non-Commutative Computation (Extended Abstract)},
  fbooktitle    = {Proceedings of the 23rd Annual {ACM} Symposium on Theory of Computing,
                  May 5-8, 1991, New Orleans, Louisiana, {USA}},
  booktitle    = {STOC'91: Proceedings of the 23rd Annual {ACM} Symposium on Theory of Computing},
  pages        = {410--418},
  publisher    = {{ACM}},
  year         = {1991},
  url          = {https://doi.org/10.1145/103418.103462},
  doi          = {10.1145/103418.103462},
  timestamp    = {Sun, 25 Oct 2020 22:32:31 +0100},
  biburl       = {https://dblp.org/rec/conf/stoc/Nisan91.bib},
  bibsource    = {dblp computer science bibliography, https://dblp.org}
}

@article{Oldenburger,
 ISSN = {0003486X},
 author = {Rufus Oldenburger},
 journal = {Annals of Mathematics},
 number = {3},
 pages = {694--710},
 publisher = {Annals of Mathematics},
 title = {Polynomials in Several Variables},
 urldate = {2023-09-24},
 volume = {41},
 year = {1940},
 doi = {10.2307/1968741}
}

@article{Palatini:SuperficieAlg,
	author = {Francesco Palatini},
	journal = {Atti della R. Acc. delle Scienze di Torino},
	pages = {634–640},
	title = {{Sulle superficie algebriche i cui $S_h$ $(h+1)$-seganti non riempiono lo spazio ambiente}},
	volume = {41},
	year = {1906},
    url = {https://archive.org/details/attidellarealeac41real/page/634}
}

@InProceedings{sax08,
  author       = {Nitin Saxena},
  feditor       = {Luca Aceto and
                  Ivan Damg{\aa}rd and
                  Leslie Ann Goldberg and
                  Magn{\'{u}}s M. Halld{\'{o}}rsson and
                  Anna Ing{\'{o}}lfsd{\'{o}}ttir and
                  Igor Walukiewicz},
  title        = {Diagonal Circuit Identity Testing and Lower Bounds},
  fbooktitle    = {Automata, Languages and Programming, 35th International Colloquium,
                  {ICALP} 2008, Reykjavik, Iceland, July 7-11, 2008, Proceedings, Part
                  {I:} Track {A:} Algorithms, Automata, Complexity, and Games},
  booktitle    = {Automata, Languages and Programming, 35th International Colloquium,
                  {ICALP} 2008, Part
                  {I}},
  series       = {Lecture Notes in Computer Science},
  volume       = {5125},
  pages        = {60--71},
  publisher    = {Springer},
  year         = {2008},
  doi          = {10.1007/978-3-540-70575-8_6},
  timestamp    = {Fri, 27 Mar 2020 09:02:59 +0100},
  biburl       = {https://dblp.org/rec/conf/icalp/Saxena08.bib},
  bibsource    = {dblp computer science bibliography, https://dblp.org}
}

@article{Sylv:PrinciplesCalculusForms,
	author = {James Joseph Sylvester},
	journal = {J. Cambridge and Dublin Math.},
	pages = {52--97},
	title = {{On the principles of the calculus of forms}},
	volume = {7},
	year = {1852},
    note = {Reprinted in J.\,J.\,Sylvester, \emph{The Collected Mathematical Papers I}, 284--327, Cambridge University Press, 1904}
}

@article{Terr:seganti,
	address = {Palermo},
	author = {Alessandro Terracini},
	journal = {Rend. Circ. Mat.},
	pages = {392–396},
	title = {{Sulle $V_k$ per cui la varietà degli $S_h$ $(h+1)$-seganti ha dimensione minore dell'ordinario}},
	volume = {31},
	year = {1911},
    doi = {10.1007/BF03018812}
}

@misc{wact-open-problems,
    author = {{WACT 2016}},
    title = {Some Accessible Open Problems},
    url = {https://www.cs.tau.ac.il/~shpilka/wact2016/concreteOpenProblems/openprobs.pdf}
}

@techreport{Gurvits-permanent,
    author = {Leonid Gurvits},
    title = {Ryser (or polarization) formula for the permanent is essentially optimal: the {Waring} rank approach},
    institution = {Los Alamos National Laboratory},
    number = {LA-UR08-06583},
    year = {2008}
}


@inproceedings{DBLP:conf/focs/GargMOW19,
  author       = {Ankit Garg and
                  Visu Makam and
                  Rafael Mendes de Oliveira and
                  Avi Wigderson},
  feditor       = {David Zuckerman},
  title        = {More Barriers for Rank Methods, via a "numeric to Symbolic" Transfer},
  fbooktitle    = {60th {IEEE} Annual Symposium on Foundations of Computer Science, {FOCS}
                  2019, Baltimore, Maryland, USA, November 9-12, 2019},
  booktitle    = {{FOCS} 2019},
  pages        = {824--844},
  publisher    = {{IEEE}},
  year         = {2019},
  url          = {https://doi.org/10.1109/FOCS.2019.00054},
  doi          = {10.1109/FOCS.2019.00054},
  timestamp    = {Tue, 07 Jan 2020 13:31:39 +0100},
  biburl       = {https://dblp.org/rec/conf/focs/GargMOW19.bib},
  bibsource    = {dblp computer science bibliography, https://dblp.org}
}

@article{DBLP:journals/cc/AllenderW16,
  author       = {Eric Allender and
                  Fengming Wang},
  title        = {On the power of algebraic branching programs of width two},
  journal      = {Comput. Complex.},
  volume       = {25},
  number       = {1},
  pages        = {217--253},
  year         = {2016},
  url          = {https://doi.org/10.1007/s00037-015-0114-7},
  doi          = {10.1007/s00037-015-0114-7},
  timestamp    = {Fri, 09 Apr 2021 18:30:18 +0200},
  biburl       = {https://dblp.org/rec/journals/cc/AllenderW16.bib},
  bibsource    = {dblp computer science bibliography, https://dblp.org}
}

@incollection{grothendieck1962techniques,
     author = {Grothendieck, Alexander},
     title = {Techniques de construction et th\'eor\`emes d'existence en g\'eom\'etrie alg\'ebrique {IV} : les sch\'emas de {Hilbert}},
     booktitle = {S\'eminaire Bourbaki : ann\'ees 1960/61, expos\'es 205-222},
     series = {S\'eminaire Bourbaki},
     publisher = {Soci\'et\'e math\'ematique de France},
     number = {6},
     year = {1961},
     zbl = {0236.14003},
     mrnumber = {1611822},
     language = {fr},
     url = {http://www.numdam.org/item/SB_1960-1961__6__249_0/}
}

@article {MR3724212,
    AUTHOR = {Buczy\'{n}ski, Jaros\l aw and Jelisiejew, Joachim},
     TITLE = {Finite schemes and secant varieties over arbitrary
              characteristic},
   JOURNAL = {Differential Geom. Appl.},
  FJOURNAL = {Differential Geometry and its Applications},
    VOLUME = {55},
      YEAR = {2017},
     PAGES = {13--67},
      ISSN = {0926-2245,1872-6984},
   MRCLASS = {14M12 (14B12 14C05 14M17 14N05)},
  MRNUMBER = {3724212},
MRREVIEWER = {Roberto\ Mu\~{n}oz},
       DOI = {10.1016/j.difgeo.2017.08.004},
       URL = {https://doi.org/10.1016/j.difgeo.2017.08.004},
}
































































@article{landsberg2012tensors,
  title={Tensors: geometry and applications},
  author={Landsberg, Joseph M},
  journal={Representation theory},
  volume={381},
  number={402},
  pages={3},
  year={2012}
}







@article{CCG12,
title = {The solution to the Waring problem for monomials and the sum of coprime monomials},
journal = {Journal of Algebra},
volume = {370},
pages = {5-14},
year = {2012},
issn = {0021-8693},
doi = {https://doi.org/10.1016/j.jalgebra.2012.07.028},
url = {https://www.sciencedirect.com/science/article/pii/S0021869312003730},
author = {Enrico Carlini and Maria Virginia Catalisano and Anthony V. Geramita},
keywords = {Waring problem for homogeneous polynomial, Waring rank}
}


@article{BLMW11,
  author    = {Peter B{\"{u}}rgisser and
               J. M. Landsberg and
               Laurent Manivel and
               Jerzy Weyman},
  title     = {An Overview of Mathematical Issues Arising in the Geometric Complexity
               Theory Approach to {V}{P}{\(\not =\)}{V}{N}{P}},
  journal   = {{SIAM} J. Comput.},
  volume    = {40},
  number    = {4},
  pages     = {1179--1209},
  year      = {2011},
  url       = {https://doi.org/10.1137/090765328},
  doi       = {10.1137/090765328},
  timestamp = {Sat, 27 May 2017 14:22:58 +0200},
  biburl    = {https://dblp.org/rec/journals/siamcomp/BurgisserLMW11.bib},
  bibsource = {dblp computer science bibliography, https://dblp.org}
}












@Article{	  For14,
  author	= {Michael A. Forbes},
  journal		= {PhD thesis, Massachusetts Institute of Technology},
  title		= {{Polynomial Identity Testing of Read-Once Oblivious Algebraic Branch-ing Programs}},
  year		= {2014},
  pages = {1-220},
  url		= {https://dspace.mit.edu/handle/1721.1/89843}
}

@inproceedings{KI03,
  author    = {Valentine Kabanets and
               Russell Impagliazzo},
  feditor    = {Lawrence L. Larmore and
               Michel X. Goemans},
  title     = {Derandomizing polynomial identity tests means proving circuit lower
               bounds},
  booktitle = {Proceedings of the 35th Annual {ACM} Symposium on Theory of Computing,
               June 9-11, 2003, San Diego, CA, {USA}},
  pages     = {355--364},
  publisher = {{ACM}},
  year      = {2003},
  url       = {https://doi.org/10.1145/780542.780595},
  doi       = {10.1145/780542.780595},
  timestamp = {Tue, 06 Nov 2018 11:07:04 +0100},
  biburl    = {https://dblp.org/rec/conf/stoc/KabanetsI03.bib},
  bibsource = {dblp computer science bibliography, https://dblp.org}
}

@article{ SCH80,
 author = {Schwartz, J. T.},
 title = {Fast Probabilistic Algorithms for Verification of Polynomial Identities},
 journal = {J. ACM},
 issue_date = {Oct. 1980},
 volume = {27},
 number = {4},
 month = oct,
 year = {1980},
 issn = {0004-5411},
 pages = {701--717},
 numpages = {17},
 url = {http://doi.acm.org/10.1145/322217.322225},
 doi = {10.1145/322217.322225},
 acmid = {322225},
 publisher = {ACM},
 address = {New York, NY, USA},
} 

@article{Ore22,
  title={{\"U}ber h{\"o}here kongruenzen},
  author={Ore, {\O}ystein},
  journal={Norsk Mat. Forenings Skrifter},
  volume={1},
  number={7},
  pages={15},
  year={1922}
}

@article{Str73,
  title={Vermeidung von Divisionen.},
  author={Strassen, Volker},
  journal={Journal f{\"u}r die reine und angewandte Mathematik},
  volume={264},
  pages={184--202},
  year={1973}
}

@article{BC92,
  author    = {Michael Ben{-}Or and
               Richard Cleve},
  title     = {Computing Algebraic Formulas Using a Constant Number of Registers},
  journal   = {{SIAM} J. Comput.},
  volume    = {21},
  number    = {1},
  pages     = {54--58},
  year      = {1992},
  url       = {https://doi.org/10.1137/0221006},
  doi       = {10.1137/0221006},
  timestamp = {Mon, 26 Oct 2020 08:56:26 +0100},
  biburl    = {https://dblp.org/rec/journals/siamcomp/Ben-OrC92.bib},
  bibsource = {dblp computer science bibliography, https://dblp.org}
}


@article{kum18,
  author    = {Mrinal Kumar},
  title     = {On top fan-in vs formal degree for depth-3 arithmetic circuits},
  journal   = {Electronic Colloquium on Computational Complexity {(ECCC)}},
  volume    = {25},
  pages     = {68},
  year      = {2018},
  url       = {https://eccc.weizmann.ac.il/report/2018/068},
  timestamp = {Tue, 14 Aug 2018 17:08:02 +0200},
  biburl    = {https://dblp.org/rec/bib/journals/eccc/Kumar18},
  bibsource = {dblp computer science bibliography, https://dblp.org}
}

@article{CGJ+16,
  author    = {Mahdi Cheraghchi and
               Elena Grigorescu and
               Brendan Juba and
               Karl Wimmer and
               Ning Xie},
  title     = {AC\({}^{\mbox{0}}\){\(\circ\)}MOD\({}_{\mbox{2}}\) lower bounds for
               the Boolean Inner Product},
  journal   = {J. Comput. Syst. Sci.},
  volume    = {97},
  pages     = {45--59},
  year      = {2018},
  url       = {https://doi.org/10.1016/j.jcss.2018.04.006},
  doi       = {10.1016/j.jcss.2018.04.006},
  timestamp = {Thu, 13 Sep 2018 18:11:45 +0200},
  biburl    = {https://dblp.org/rec/bib/journals/jcss/CheraghchiGJWX18},
  bibsource = {dblp computer science bibliography, https://dblp.org}
}



@Article{Kum19,
  author    = {Mrinal Kumar},
  journal   = {Comput. Complex.},
  title     = {A quadratic lower bound for homogeneous algebraic branching programs},
  year      = {2019},
  number    = {3},
  pages     = {409--435},
  volume    = {28},
  bibsource = {dblp computer science bibliography, https://dblp.org},
  biburl    = {https://dblp.org/rec/journals/cc/Kumar19.bib},
  doi       = {10.1007/s00037-019-00186-3},
  timestamp = {Sun, 15 Mar 2020 19:46:54 +0100},
  url       = {https://doi.org/10.1007/s00037-019-00186-3},
}

@article{Kal85,
  author    = {K. Kalorkoti},
  title     = {A Lower Bound for the Formula Size of Rational Functions},
  journal   = {{SIAM} J. Comput.},
  volume    = {14},
  number    = {3},
  pages     = {678--687},
  year      = {1985},
  url       = {https://doi.org/10.1137/0214050},
  doi       = {10.1137/0214050},
  timestamp = {Sat, 27 May 2017 14:22:58 +0200},
  biburl    = {https://dblp.org/rec/journals/siamcomp/Kalorkoti85.bib},
  bibsource = {dblp computer science bibliography, https://dblp.org}
}

@Comment{jabref-meta: databaseType:bibtex;}


@article{mulmuley2012gct,
  title={\href{http://ramakrishnadas.cs.uchicago.edu/gctcacm.pdf}{The GCT program toward the P vs. NP problem}},
  author={Mulmuley, Ketan D},
  journal={Communications of the ACM},
  volume={55},
  number={6},
  pages={98--107},
  year={2012},
  publisher={ACM New York, NY, USA}
}

@inproceedings{mulmuley2012geometric,
  title={Geometric complexity theory V: Equivalence between blackbox derandomization of polynomial identity testing and derandomization of Noether's normalization lemma},
  author={Mulmuley, Ketan D},
  booktitle={2012 IEEE 53rd Annual Symposium on Foundations of Computer Science},
  pages={629--638},
  year={2012},
  organization={IEEE}
}

@book{mumford1995algebraic,
  title={\href{https://www.springer.com/gp/book/9783540586579}{Algebraic geometry I: complex projective varieties}},
  author={Mumford, David},
  year={1995},
  publisher={Springer Science \& Business Media}
}

@InProceedings{blser_et_al:LIPIcs:2020:12573,
  author =	{Markus Bl{\"a}ser and Christian Ikenmeyer and Meena Mahajan and Anurag Pandey and Nitin Saurabh},
  title =	{{Algebraic Branching Programs, Border Complexity, and Tangent Spaces}},
  booktitle =	{35th Computational Complexity Conference (CCC 2020)},
  pages =	{21:1--21:24},
  series =	{Leibniz International Proceedings in Informatics (LIPIcs)},
  ISBN =	{978-3-95977-156-6},
  ISSN =	{1868-8969},
  year =	{2020},
  volume =	{169},
  editor =	{Shubhangi Saraf},
  publisher =	{Schloss Dagstuhl--Leibniz-Zentrum f{\"u}r Informatik},
  address =	{Dagstuhl, Germany},
  URL =		{https://drops.dagstuhl.de/opus/volltexte/2020/12573},
  URN =		{urn:nbn:de:0030-drops-125733},
  doi =		{10.4230/LIPIcs.CCC.2020.21},
  annote =	{Keywords: Algebraic Branching Programs, Border Complexity, Tangent Spaces, Lower Bounds, Geometric Complexity Theory, Flows, VQP, VNP}
}


@article{ChrGesJen:BorderRankNonMult,
	author = {M. Christandl and F. Gesmundo and A. K. Jensen},
	doi = {10.1137/18M1174829},
	issue = {2},
	journal = {SIAM J. Appl. Alg. Geom.},
	pages = {231–255},
	title = {{Border rank is not multiplicative under the tensor product}},
	volume = {3},
	year = {2019}
}

@article{v015a003,
 author = {Gesmundo, Fulvio and Landsberg, Joseph M.},
 title = {Explicit Polynomial Sequences with Maximal Spaces of Partial Derivatives and a Question of K. Mulmuley},
 year = {2019},
 pages = {1--24},
 doi = {10.4086/toc.2019.v015a003},
 publisher = {Theory of Computing},
 journal = {Theory of Computing},
 volume = {15},
 number = {3},
 URL = {http://www.theoryofcomputing.org/articles/v015a003},
}

@article{bernardi2018hitchhiker,
  title={\href{https://www.mdpi.com/2227-7390/6/12/314}{The hitchhiker guide to: Secant varieties and tensor decomposition}},
  author={Bernardi, Alessandra and Carlini, Enrico and Catalisano, Maria Virginia and Gimigliano, Alessandro and Oneto, Alessandro},
  journal={Mathematics},
  volume={6},
  number={12},
  pages={314},
  year={2018},
  publisher={Multidisciplinary Digital Publishing Institute}
}

@article{boij2011monomials,
  title={\href{https://www.jstor.org/stable/41291870{\#}metadata_info_tab_contents}{Monomials as sums of powers: the real binary case}},
  author={Boij, Mats and Carlini, Enrico and Geramita, Anthony},
  journal={Proceedings of the American Mathematical Society},
  volume={139},
  number={9},
  pages={3039--3043},
  year={2011}
}

@inproceedings{karnin2008black,
  title={\href{https://ieeexplore.ieee.org/document/4558830}{Black box polynomial identity testing of generalized depth-3 arithmetic circuits with bounded top fan-in}},
  author={Karnin, Zohar S and Shpilka, Amir},
  booktitle={2008 23rd Annual IEEE Conference on Computational Complexity},
  pages={280--291},
  year={2008},
  organization={IEEE}
}

%  title={\href{https://www.cse.iitk.ac.in/users/nitin/papers/ID-depth-3-JCC.pdf}{Polynomial identity testing for depth 3 circuits}},

%  title={\href{https://www.sciencedirect.com/science/article/pii/0304397589901412}{On the order of approximation in approximative triadic decompositions of tensors}},

@book{burgisser2013algebraic,
  title={\href{https://link.springer.com/book/10.1007/978-3-662-03338-8}{Algebraic complexity theory}},
  author={B{\"u}rgisser, Peter and Clausen, Michael and Shokrollahi, Mohammad A},
  volume={315},
  year={2013},
  publisher={Springer Science \& Business Media}
}

@article{saha2013case,
  title={\href{https://link.springer.com/article/10.1007/s00037-012-0054-4}{A case of depth-3 identity testing, sparse factorization and duality}},
  author={Saha, Chandan and Saptharishi, Ramprasad and Saxena, Nitin},
  journal={Computational Complexity},
  volume={22},
  number={1},
  pages={39--69},
  year={2013},
  publisher={Springer}
}

@article{10.2307/2317940,
 ISSN = {00029890, 19300972},
 URL = {http://www.jstor.org/stable/2317940},
 author = {Ivan Niven},
 journal = {The American Mathematical Monthly},
 number = {8},
 pages = {871--889},
 publisher = {\href{http://www.jstor.org/stable/2317940}{Mathematical Association of America}},
 title = {Formal Power Series},
 volume = {76},
 year = {1969}
}

@phdthesis{sinhababu2019power,
  title={\href{https://www.cse.iitk.ac.in/users/nitin/theses/sinhababu-2019.pdf}{Power series in complexity: Algebraic Dependence, Factor Conjecture and Hitting Set for Closure of {VP}}},
  author={Sinhababu, Amit Kumar},
  year={2019},
  school={PhD thesis, Indian Institute of Technology Kanpur}
}

@inproceedings{dutta2018discovering,
  title={\href{https://dl.acm.org/doi/10.1145/3188745.3188760}{Discovering the roots: Uniform closure results for algebraic classes under factoring}},
  author={Dutta, Pranjal and Saxena, Nitin and Sinhababu, Amit},
  booktitle={Proceedings of the $50^{th}$ Annual ACM SIGACT Symposium on Theory of Computing (STOC'18)},
  pages={1152--1165},
  year={2018}
}

@article{koiran2015wronskian,
  title={\href{https://www.sciencedirect.com/science/article/pii/S0747717114001047}{A Wronskian approach to the real $\tau$-conjecture}},
  author={Koiran, Pascal and Portier, Natacha and Tavenas, S{\'e}bastien},
  journal={Journal of Symbolic Computation},
  volume={68},
  pages={195--214},
  year={2015},
  publisher={Elsevier}
}


@article{mulmuley2010geometric,
  title={Geometric complexity theory VI: The flip via positivity},
  author={Mulmuley, Ketan},
  journal={arXiv preprint arXiv:0704.0229},
  year={2010},
  publisher={Citeseer}
}

@inproceedings{guo2020improved,
  title={\href{https://drops.dagstuhl.de/opus/volltexte/2020/12607/pdf/LIPIcs-APPROX4.pdf}{Improved Explicit Hitting-Sets for ROABPs}},
  author={Guo, Zeyu and Gurjar, Rohit},
  booktitle={Approximation, Randomization, and Combinatorial Optimization. Algorithms and Techniques (APPROX/RANDOM 2020)},
  year={2020},
  organization={Schloss Dagstuhl-Leibniz-Zentrum f{\"u}r Informatik}
}

@article{bisht21,
    title={\href{https://www.cse.iitk.ac.in/users/nitin/papers/constWidth-log-var.pdf}{Blackbox identity testing for sum of special ROABPs and its border class}},
    author={Bisht, Pranav and Saxena, Nitin},
    journal={Journal of Comput.~Compl.},
    year= {2021}
}

@inproceedings{ben1988deterministic,
  title={\href{https://dl.acm.org/doi/abs/10.1145/62212.62241}{A deterministic algorithm for sparse multivariate polynomial interpolation}},
  author={Ben-Or, Michael and Tiwari, Prasoon},
  booktitle={Proceedings of the $20^{th}$ Annual ACM symposium on Theory of computing (STOC'88)},
  pages={301--309},
  year={1988}
}



@article{carbery2001distributional,
  title={\href{https://www.maths.ed.ac.uk/~carbery/analysis/papers/cw-dim_final.pdf}{Distributional and $ L^q$  norm inequalities for polynomials over convex bodies in $\R^{n}$}},
  author={Carbery, Anthony and Wright, James},
  journal={Mathematical research letters},
  volume={8},
  number={3},
  pages={233--248},
  year={2001},
  publisher={International Press of Boston}
}

@article{dvir2007locally,
  title={\href{https://epubs.siam.org/doi/abs/10.1137/05063605X}{Locally decodable codes with two queries and polynomial identity testing for depth 3 circuits}},
  author={Dvir, Zeev and Shpilka, Amir},
  journal={SIAM Journal on Computing},
  volume={36},
  number={5},
  pages={1404--1434},
  year={2007},
  publisher={SIAM}
}

@inproceedings{kayal2009blackbox,
  title={\href{https://www.microsoft.com/en-us/research/wp-content/uploads/2016/02/PIT-focs.pdf}{Blackbox polynomial identity testing for depth 3 circuits}},
  author={Kayal, Neeraj and Saraf, Shubhangi},
  booktitle={2009 50th Annual IEEE Symposium on Foundations of Computer Science},
  pages={198--207},
  year={2009},
  organization={IEEE}
 }
 
 @incollection{forbes2013explicit,
  title={\href{https://link.springer.com/chapter/10.1007/978-3-642-40328-6_37}{Explicit noether normalization for simultaneous conjugation via polynomial identity testing}},
  author={Forbes, Michael A and Shpilka, Amir},
  booktitle={Approximation, Randomization, and Combinatorial Optimization. Algorithms and Techniques},
  pages={527--542},
  year={2013},
  publisher={Springer}
}

@article{grochow2017towards,
  title={Towards an algebraic natural proofs barrier via polynomial identity testing},
  author={Grochow, Joshua A and Kumar, Mrinal and Saks, Michael and Saraf, Shubhangi},
  journal={arXiv preprint arXiv:1701.01717},
  year={2017}
}

@article{chatterjee2020existence,
  title={\href{https://ieeexplore.ieee.org/document/9317998}{On the Existence of Algebraically Natural Proofs}},
  author={Chatterjee, Prerona and Kumar, Mrinal and Ramya, C and Saptharishi, Ramprasad and Tengse, Anamay},
  journal={$61^{st}$ Annual IEEE Symposium on the Foundations of Computer Science (FOCS 2020)},
  year={2020}
}

@article{kumar2020if,
  title={If VNP is hard, then so are equations for it},
  author={Kumar, Mrinal and Ramya, C and Saptharishi, Ramprasad and Tengse, Anamay},
  journal={arXiv preprint arXiv:2012.07056},
  year={2020}
}

@inproceedings{DBLP:conf/soda/BlaserILPS21,
  author    = {Markus Bl{\"{a}}ser and
               Christian Ikenmeyer and
               Vladimir Lysikov and
               Anurag Pandey and
               Frank{-}Olaf Schreyer},
  editor    = {D{\'{a}}niel Marx},
  title     = {On the Orbit Closure Containment Problem and Slice Rank of Tensors},
  booktitle = {Proceedings of the 2021 {ACM-SIAM} Symposium on Discrete Algorithms,
               {SODA} 2021, Virtual Conference, January 10 - 13, 2021},
  pages     = {2565--2584},
  publisher = {{SIAM}},
  year      = {2021},
  url       = {https://doi.org/10.1137/1.9781611976465.152},
  doi       = {10.1137/1.9781611976465.152},
  timestamp = {Wed, 10 Mar 2021 08:12:30 +0100},
  biburl    = {https://dblp.org/rec/conf/soda/BlaserILPS21.bib},
  bibsource = {dblp computer science bibliography, https://dblp.org}
}

@article{burgisser2018alternating,
  title={\href{https://drops.dagstuhl.de/opus/volltexte/2018/8351/pdf/LIPIcs-ITCS-2018-24.pdf}{Alternating minimization, scaling algorithms, and the null-cone problem from invariant theory}},
  author={B{\"u}rgisser, Peter and Garg, Ankit and Oliveira, Rafael and Walter, Michael and Wigderson, Avi},
  journal={Proceedings of Innovations in Theoretical Computer Science (ITCS 2018)},
  year={2018}
}

@article{burgisser2021polynomial,
  title={Polynomial time algorithms in invariant theory for torus actions},
  author={B{\"u}rgisser, Peter and Do{\u{g}}an, M Levent and Makam, Visu and Walter, Michael and Wigderson, Avi},
  journal={To appea in the $36^{th}$ Computational Complexity Confernece (CCC 2021)},
  year={2021}
}

@inproceedings{burgisser2013explicit,
author = {B\"{u}rgisser, Peter and Ikenmeyer, Christian},
title = {Explicit Lower Bounds via Geometric Complexity Theory},
year = {2013},
isbn = {9781450320290},
publisher = {Association for Computing Machinery},
address = {New York, NY, USA},
url = {https://doi.org/10.1145/2488608.2488627},
doi = {10.1145/2488608.2488627},
abstract = {We prove the lower bound R Mm) ≥ 3/2 m2-2 on the border rank of m x m matrix multiplication by exhibiting explicit representation theoretic (occurence) obstructions in the sense of Mulmuley and Sohoni's geometric complexity theory (GCT) program. While this bound is weaker than the one recently obtained by Landsberg and Ottaviani, these are the first significant lower bounds obtained within the GCT program. Behind the proof is an explicit description of the highest weight vectors in Symd⊗3 (Cn)* in terms of combinatorial objects, called obstruction designs. This description results from analyzing the process of polarization and Schur-Weyl duality.},
booktitle = {Proceedings of the Forty-Fifth Annual ACM Symposium on Theory of Computing},
pages = {141–150},
numpages = {10},
keywords = {kronecker coefficients, tensor rank, geometric complexity theory, permanent versus determinant, matrix multiplication},
location = {Palo Alto, California, USA},
series = {STOC '13}
}

@article{grochow2015unifying,
  title={\href{https://link.springer.com/article/10.1007/s00037-015-0103-x}{Unifying known lower bounds via geometric complexity theory}},
  author={Grochow, Joshua A},
  journal={{C}omputational {C}omplexity},
  volume={24},
  number={2},
  pages={393--475},
  year={2015},
  publisher={Springer}
}

@article{landsberg2015new,
  title={New lower bounds for the border rank of matrix multiplication},
  author={Landsberg, Joseph M and Ottaviani, Giorgio},
  journal={Theory of Computing},
  volume={11},
  number={1},
  pages={285--298},
  year={2015},
  publisher={Theory of Computing Exchange}
}

@inproceedings{burgisser2019towards,
  title={\href{https://ieeexplore.ieee.org/document/8948621}{Towards a theory of non-commutative optimization: Geodesic 1st and 2nd order methods for moment maps and polytopes}},
  author={B{\"u}rgisser, Peter and Franks, Cole and Garg, Ankit and Oliveira, Rafael and Walter, Michael and Wigderson, Avi},
  booktitle={2019 IEEE 60th Annual Symposium on Foundations of Computer Science (FOCS)},
  pages={845--861},
  year={2019},
  organization={IEEE}
}

@inproceedings{allen2018operator,
  title={\href{https://dl.acm.org/doi/10.1145/3188745.3188942}{Operator scaling via geodesically convex optimization, invariant theory and polynomial identity testing}},
  author={Allen-Zhu, Zeyuan and Garg, Ankit and Li, Yuanzhi and Oliveira, Rafael and Wigderson, Avi},
  booktitle={Proceedings of the 50th Annual ACM SIGACT Symposium on Theory of Computing},
  pages={172--181},
  year={2018}
}

@inproceedings{garg2016deterministic,
  title={\href{https://ieeexplore.ieee.org/document/7782923}{A deterministic polynomial time algorithm for non-commutative rational identity testing}},
  author={Garg, Ankit and Gurvits, Leonid and Oliveira, Rafael and Wigderson, Avi},
  booktitle={2016 IEEE 57th Annual Symposium on Foundations of Computer Science (FOCS)},
  pages={109--117},
  year={2016},
  organization={IEEE}
}

@article{DBLP:journals/cc/IvanyosQS17,
  author    = {G{\'{a}}bor Ivanyos and
               Youming Qiao and
               K. V. Subrahmanyam},
  title     = {Non-commutative Edmonds' problem and matrix semi-invariants},
  journal   = {Comput. Complex.},
  volume    = {26},
  number    = {3},
  pages     = {717--763},
  year      = {2018},
  url       = {https://doi.org/10.1007/s00037-016-0143-x},
  doi       = {10.1007/s00037-016-0143-x},
  timestamp = {Sun, 15 Mar 2020 19:46:48 +0100},
  biburl    = {https://dblp.org/rec/journals/cc/IvanyosQS17.bib},
  bibsource = {dblp computer science bibliography, https://dblp.org}
}

@phdthesis{ghosh2019low,
  title={\href{https://www.cse.iitk.ac.in/users/nitin/theses/ghosh-2019.pdf}{Low Variate Polynomials: Hitting Set and Bootstrapping}},
  author={Ghosh, Sumanta},
  year={2019},
  school={PhD thesis. Indian Institute of Technology Kanpur}
}
@inproceedings{shpilka2019sylvester,
  title={\href{https://dl.acm.org/doi/10.1145/3313276.3316341}{Sylvester-Gallai type theorems for quadratic polynomials}},
  author={Shpilka, Amir},
  booktitle={Proceedings of the 51st Annual ACM SIGACT Symposium on Theory of Computing},
  pages={1203--1214},
  year={2019}
}

@inproceedings{peleg2020generalized,
  title={\href{https://drops.dagstuhl.de/opus/volltexte/2020/12560/}{A generalized Sylvester-Gallai type theorem for quadratic polynomials}},
  author={Peleg, Shir and Shpilka, Amir},
  booktitle={$35^{th}$ Computational Complexity Conference (CCC'20)},
  year={2020},
  organization={Schloss Dagstuhl-Leibniz-Zentrum fuer Informatik}
}

@inproceedings{peleg2020polynomial,
  title={\href{https://arxiv.org/abs/2006.08263}{Polynomial time deterministic identity testing algorithm for $\sum^{[3]} \prod\sum\prod^{[2]}$ circuits via Edelstein-Kelly type theorem for quadratic polynomials}},
  author={Peleg, Shir and Shpilka, Amir},
  booktitle={$53^{rd}$ Annual ACM symposium on Theory of computing (STOC'21)},
  year={2021}
}

@article{kumar2019hardness,
  title={\href{http://bulletin.eatcs.org/index.php/beatcs/article/view/591}{Hardness-randomness tradeoffs for algebraic computation}},
  author={Kumar, Mrinal and Saptharishi, Ramprasad},
  journal={Bulletin of EATCS},
  volume={3},
  number={129},
  year={2019}
}

@article{DBLP:journals/eccc/SahaT21,
  author    = {Chandan Saha and
               Bhargav Thankey},
  title     = {Hitting Sets for Orbits of Circuit Classes and Polynomial Families},
  journal   = {Electron. Colloquium Comput. Complex.},
  year      = {2021},
  url       = {https://eccc.weizmann.ac.il/report/2021/015}
}

@incollection{kayal2014selection,
  title={A selection of lower bounds for arithmetic circuits},
  author={Kayal, Neeraj and Saptharishi, Ramprasad},
  booktitle={Perspectives in computational complexity},
  pages={77--115},
  year={2014},
  publisher={Springer}
}

@book{chen2011partial,
  title={\href{https://www.math.ias.edu/~avi/PUBLICATIONS/ChenKaWi2011.pdf}{Partial derivatives in arithmetic complexity and beyond}},
  author={Chen, Xi and Kayal, Neeraj and Wigderson, Avi},
  year={2011},
  publisher={Now Publishers Inc}
}

@article{bhargav21imporved,
title = {\href{https://eccc.weizmann.ac.il/report/2021/062/}{Improved Hitting Set for Orbit of ROABPs}},
author={Bhargava, Vishwas and Ghosh, Sumanta},
year= {2021},
journal	= {\ECCC},
note = {\parseECCC{TR21-062}}
}





@article{zeyu2021variety,
  title={\href{https://zeyuguo.bitbucket.io/papers/chow.pdf}{Variety Evasive Subspace Families}},
  author={Guo, Zeyu},
  journal={Accepted in the $36^{th}$ Conference on Computational Complexity (CCC 2021)},
  year={2021}
}

@article{huttenhain2016boundary,
  title={\href{https://hal.archives-ouvertes.fr/hal-01239906/document}{The boundary of the orbit of the 3-by-3 determinant polynomial}},
  author={H{\"u}ttenhain, Jesko and Lairez, Pierre},
  journal={Comptes Rendus Mathematique},
  volume={354},
  number={9},
  pages={931--935},
  year={2016},
  publisher={Elsevier}
}

@book{GooWal:Symmetry_reps_invs,
	address = {Dordrecht},
	author = {R. Goodman and N. R. Wallach},
	pages = {xx+716},
	publisher = {Springer},
	series = {{Graduate Texts in Mathematics}},
	title = {{Symmetry, representations, and invariants}},
	volume = {255},
	year = {2009}
}

@book{Macdon:SymmetricFunctions,
	address = {New York},
	author = {I. G. Macdonald},
	edition = {Second},
	publisher = {The Clarendon Press Oxford University Press},
	series = {{Oxford Mathematical Monographs}},
	title = {{Symmetric functions and {H}all polynomials}},
	year = {1995}
}



@article{Simon18,
  author={Editors},
  title        = {\href{https://drive.google.com/file/d/1nUXqjT4EOnumN5VZ29HnuS3sI6UO3VRO/view?usp=sharing}{Open Problems}},
 journal={Algebraic Methods, Simons Institute for the Theory of Computing},
 note={Emailed by Igor Carboni Oliveira},
  year         = {2018},
  publisher = {}
  }




@article{GesIkPa:GCTMatrixPowering,
	author = {F. Gesmundo and C. Ikenmeyer and G. Panova},
	journal = {Diff. Geom. Appl.},
	pages = {106--127},
	publisher = {Elsevier},
	title = {{Geometric complexity theory and matrix powering}},
	volume = {55},
	year = {2017}
}

@comment{x-kbibtex-personnameformatting=<%f ><%l><, %s>}

@book{Lan:GeometryComplThBook,
	author = {J. M. Landsberg},
	publisher = {Cambridge University Press, Cambridge},
	series = {{Cambridge Studies in Advanced Mathematics}},
	title = {{Geometry and complexity theory}},
	volume = {169},
	year = {2017}
}

@comment{x-kbibtex-personnameformatting=<%f ><%l><, %s>}



@article{LanOtt:EqnsSecantVarsVeroneseandOthers,
	author = {J. M. Landsberg and G. Ottaviani},
	issn = {0373-3114},
	journal = {Ann. Mat. Pura Appl. (4)},
	number = {4},
	pages = {569--606},
	title = {{Equations for secant varieties of {V}eronese and other varieties}},
	volume = {192},
	year = {2013}
}


@article{Ges:Geometry_of_IMM,
	author = {F. Gesmundo},
	journal = {J. Algebra},
	pages = {42--64},
	title = {{Geometric {A}spects of {I}terated {M}atrix {M}ultiplication}},
	volume = {461},
	year = {2016}
}

@article{BraOtt:AlexanderHirschowitzThm,
	author = {M. C. Brambilla and G. Ottaviani},
	issn = {0022-4049},
	journal = {J. Pure and Appl. Alg.},
	number = {5},
	pages = {1229--1251},
	title = {{On the {A}lexander-{H}irschowitz theorem}},
	volume = {212},
	year = {2008}
}







@article{landsberg2015geometric,
  title={Geometric complexity theory: an introduction for geometers},
  author={Landsberg, Joseph M},
  journal={Annali dell'universita'di Ferrara},
  volume={61},
  number={1},
  pages={65--117},
  year={2015},
  publisher={Springer}
}

@misc{ghosal21,
      title={Personal Communication}, 
      author={Ghosal, Purnata and Ikenmeyer, Christian},
      howpublished = {},
      year={2021},
}





@article{KL14,
  title={Padded polynomials, their cousins, and geometric complexity theory},
  author={Kadish, Harlan and Landsberg, Joseph M},
  journal={Communications in Algebra},
  volume={42},
  number={5},
  pages={2171--2180},
  year={2014},
  publisher={Taylor \& Francis}
}


@article{MS08,
  title={Geometric complexity theory {I}{I}: towards explicit obstructions for embeddings among class varieties},
  author={Mulmuley, Ketan D and Sohoni, Milind},
  journal={SIAM Journal on Computing},
  volume={38},
  number={3},
  pages={1175--1206},
  year={2008},
  publisher={SIAM}
}

@article{BIP19,
  title={No occurrence obstructions in geometric complexity theory},
  author={B{\"u}rgisser, Peter and Ikenmeyer, Christian and Panova, Greta},
  journal={Journal of the American Mathematical Society},
  volume={32},
  number={1},
  pages={163--193},
  year={2019}
}

@article{IP17,
  title={Rectangular {K}ronecker coefficients and plethysms in geometric complexity theory},
  author={Ikenmeyer, Christian and Panova, Greta},
  journal={Advances in Mathematics},
  volume={319},
  pages={40--66},
  year={2017},
  publisher={Elsevier}
}

@article{Lan15,
  title={Geometric complexity theory: an introduction for geometers},
  author={Landsberg, Joseph M},
  journal={Annali dell'universit{\`a} di Ferrara},
  volume={61},
  number={1},
  pages={65--117},
  year={2015},
  publisher={Springer}
}

@article{Shp02,
title = {Affine projections of symmetric polynomials},
journal = {Journal of Computer and System Sciences},
volume = {65},
number = {4},
pages = {639-659},
year = {2002},
note = {Special Issue on Complexity 2001},
issn = {0022-0000},
doi = {https://doi.org/10.1016/S0022-0000(02)00021-1},
url = {https://www.sciencedirect.com/science/article/pii/S0022000002000211},
author = {Amir Shpilka},
abstract = {In this paper, we introduce a new model for computing polynomials—a depth-2 circuit with a symmetric gate at the top and plus gates at the bottom, i.e. the circuit computes a symmetric function in linear functions—Smd(ℓ1,ℓ2,…,ℓm)(Smd is the dth elementary symmetric polynomial in m variables, and the ℓi's are linear functions). We refer to this model as the symmetric model. This new model is related to standard models of arithmetic circuits, especially to depth-3 circuits. In particular, we show that in order to improve the results of Shpilka and Wigderson (in: CCC, Vol. 14, 1999, pp. 87–96), i.e. to prove super-quadratic lower bounds for depth-3 circuits, one must first prove a super-linear lower bound for the symmetric model. We prove two non-trivial linear lower bounds for our model. The first lower bound is for computing the determinant, and the second is for computing the sum of two monomials. The main technical contribution relates the maximal dimension of linear subspaces on which Smd vanishes to lower bounds in the symmetric model. In particular, we show that an answer of the following problem (which is very natural, and of independent interest) will imply lower bounds on symmetric circuits for many polynomials: What is the maximal dimension of a linear subspace of Cm, on which Smd vanishes? We give two partial solutions to the problem above, each enables us to prove a different lower bound. Using our techniques we also prove quadratic lower bounds for depth-3 circuits computing the elementary symmetric polynomials of degree αn (where 0<α<1 is a constant), thus extending the result of Shpilka and Wigderson (in: CCC, Vol. 14, 1999, pp. 87–96). These are the best lower bounds known for depth-3 circuits over fields of characteristic zero.
}
}

%  journal   = {CoRR},
%  volume    = {abs/1608.02530v3},
%  year      = {2019},
%  url       = {http://arxiv.org/abs/1608.02530v3},
%  eprinttype = {arXiv},
%  eprint    = {1608.02530},
%  timestamp = {Mon, 13 Aug 2018 16:47:35 +0200},
%  biburl    = {https://dblp.org/rec/journals/corr/Oeding16.bib},
%  bibsource = {dblp computer science bibliography, https://dblp.org}
@unpublished{Oed16,
  author    = {Luke Oeding},
  title     = {Border Ranks of Monomials},
  note = {arXiv:1608.02530v3},
  year      = {2019},
}


@PhdThesis{Hut17,
  title={Geometric Complexity Theory and Orbit Closures of Homogeneous Forms},
  author={H{\"u}ttenhain, Jesko},
  year={2017},
  school={TU Berlin}
}

@article{BHIM22,
  title={Equations for {G}{L} invariant families of polynomials},
  author={Breiding, Paul and Hodges, Reuven and Ikenmeyer, Christian and Micha{\l}ek, Mateusz},
  journal={Vietnam Journal of Mathematics},
  volume={50},
  number={2},
  pages={545--556},
  year={2022},
  publisher={Springer}
}

@article{Gay76,
  title={Characters of the {W}eyl group of {S}{U}(n) on zero weight spaces and centralizers of permutation representations},
  author={Gay, David A},
  journal={The Rocky Mountain Journal of Mathematics},
  volume={6},
  number={3},
  pages={449--455},
  year={1976},
  publisher={JSTOR}
}

@article{dutta2022separated,
  title={Separated borders: Exponential-gap fanin-hierarchy theorem for approximative depth-3 circuits},
  author={Dutta, Pranjal and Saxena, Nitin},
  journal={$63^{rd}$ Annual IEEE Symposium on the Foundations of Computer Science (FOCS 2022)},
  year={2022}
}

@article{DIP20,
  title={On geometric complexity theory: Multiplicity obstructions are stronger than occurrence obstructions},
  author={D{\"o}rfler, Julian and Ikenmeyer, Christian and Panova, Greta},
  journal={SIAM Journal on Applied Algebra and Geometry},
  volume={4},
  number={2},
  pages={354--376},
  year={2020},
  publisher={SIAM}
}

@inproceedings{IK20,
  title={Implementing geometric complexity theory: On the separation of orbit closures via symmetries},
  author={Ikenmeyer, Christian and Kandasamy, Umangathan},
  booktitle={Proceedings of the 52nd Annual ACM SIGACT Symposium on Theory of Computing},
  pages={713--726},
  year={2020}
}

@article{Kum15,
  title={A study of the representations supported by the orbit closure of the determinant},
  author={Kumar, Shrawan},
  journal={Compositio Mathematica},
  volume={151},
  number={2},
  pages={292--312},
  year={2015},
  publisher={London Mathematical Society}
}

@article{Gua18,
  title={Brill's equations as a {G}{L}({V})-module},
  author={Guan, Yonghui},
  journal={Linear Algebra and its Applications},
  volume={548},
  pages={273--292},
  year={2018},
  publisher={Elsevier}
}

@article{Gor94,
  title={Das {Z}erfallen der {C}urven in gerade {L}inien},
  author={Gordan, Paul},
  journal={Mathematische Annalen},
  volume={45},
  number={3},
  pages={410--427},
  year={1894},
  publisher={Springer}
}

@article{BI17,
title = {Fundamental invariants of orbit closures},
journal = {Journal of Algebra},
volume = {477},
pages = {390-434},
year = {2017},
issn = {0021-8693},
doi = {https://doi.org/10.1016/j.jalgebra.2016.12.035},
url = {https://www.sciencedirect.com/science/article/pii/S0021869317300327},
author = {Peter B{\"u}rgisser and Christian Ikenmeyer},
keywords = {Geometric complexity theory, Invariants, Orbit closure, Non-normality, Alon–Tarsi conjecture},
}

@article{Mat60,
  title={Espaces homog\`{e}nes de {S}tein des groupes de {L}ie complexes},
  author={Matsushima, Yoz{\^o}},
  journal={Nagoya Mathematical Journal},
  volume={16},
  pages={205--218},
  year={1960},
  publisher={Cambridge University Press}
}

@book{Ful97,
  title={Young tableaux: with applications to representation theory and geometry},
  author={Fulton, William},
  number={35},
  year={1997},
  publisher={Cambridge University Press}
}

@book{Harris:AlgGeo,
	address = {New York},
	author = {J. Harris},
	isbn = {0-387-97716-3},
	publisher = {Springer-Verlag},
	series = {{Graduate Texts in Mathematics}},
	title = {{Algebraic geometry. A first course}},
	volume = {133},
	year = {1992}
}


@book{FH91,
  title={Representation theory: a first course},
  author={Fulton, William and Harris, Joe},
  volume={129},
  year={1991},
  publisher={Springer Science \& Business Media}
}

@article{CIM17,
  title={Symmetrizing tableaux and the 5th case of the {F}oulkes conjecture},
  author={Cheung, Man-Wai and Ikenmeyer, Christian and Mkrtchyan, Sevak},
  journal={Journal of Symbolic Computation},
  volume={80},
  pages={833--843},
  year={2017},
  publisher={Elsevier}
}

@article{Gly10,
  title={The conjectures of {A}lon--{T}arsi and {R}ota in dimension prime minus one},
  author={Glynn, David G},
  journal={SIAM Journal on Discrete Mathematics},
  volume={24},
  number={2},
  pages={394--399},
  year={2010},
  publisher={SIAM}
}
@article{Dri97,
  title={On the number of even and odd {L}atin squares of order p+1},
  author={Drisko, Arthur A},
  journal={Advances in Mathematics},
  volume={128},
  number={1},
  pages={20--35},
  year={1997},
  publisher={Elsevier}
}



@article{AT:92,
  title={Colorings and orientations of graphs},
  author={Alon, Noga and Tarsi, Michael},
  journal={Combinatorica},
  volume={12},
  number={2},
  pages={125--134},
  year={1992},
  publisher={Springer}
}

@article{SW12,
  title={How not to prove the {A}lon-{T}arsi conjecture},
  author={Stones, Douglas S and Wanless, Ian M},
  journal={Nagoya Mathematical Journal},
  volume={205},
  pages={1--24},
  year={2012},
  publisher={Cambridge University Press}
}

@article{FM19,
author = {Friedman, Benjamin and McGuinness, Sean},
title = {The {A}lon–{T}arsi Conjecture: A Perspective on the Main Results},
year = {2019},
issue_date = {Aug 2019},
publisher = {Elsevier Science Publishers B. V.},
address = {NLD},
volume = {342},
number = {8},
issn = {0012-365X},
url = {https://doi.org/10.1016/j.disc.2019.04.018},
doi = {10.1016/j.disc.2019.04.018},
journal = {Discrete Math.},
month = {aug},
pages = {2234–2253},
numpages = {20},
keywords = {Basis, Latin square, Prime, Isotopy, Conjecture}
}

@article{HR94,
  title={On the relations of various conjectures on {L}atin squares and straightening coefficients},
  author={Huang, Rosa and Rota, Gian-Carlo},
  journal={Discrete Mathematics},
  volume={128},
  number={1-3},
  pages={225--236},
  year={1994},
  publisher={North-Holland}
}

@article{Alp17,
  title={Square-root cancellation for the signs of {L}atin squares},
  author={Alpoge, Levent},
  journal={Combinatorica},
  volume={37},
  number={2},
  pages={137--142},
  year={2017},
  publisher={Springer}
}

@unpublished{LZX21,
  title={Two classes of minimal generic fundamental invariants for tensors},
  author={Li, Xin and Zhang, Liping and Xia, Hanchen},
  note={arXiv:2111.07343},
  year={2021}
}
@article{AY22,
 doi = {10.48550/ARXIV.2202.11059},
  url = {https://arxiv.org/abs/2202.11059},
  author = {Amanov, Alimzhan and Yeliussizov, Damir},
  keywords = {Combinatorics (math.CO), Commutative Algebra (math.AC), Representation Theory (math.RT), FOS: Mathematics, FOS: Mathematics},
  title = {Fundamental invariants of tensors, {L}atin hypercubes, and rectangular Kronecker coefficients},
  journal = {arXiv},
  year = {2022},
  copyright = {arXiv.org perpetual, non-exclusive license}
}






@misc{Wiki-NI,
  author       = {Wikipedia},
  title        = {Newton's identities},
  howpublished = {},
  year         = {1666},
  url          = {https://en.wikipedia.org/wiki/Newton\%27s_identities},
  note={\href{https://en.wikipedia.org/wiki/Newton\%27s_identities}{https://en.wikipedia.org/wiki/Newton\%27s\_identities}}
}

@misc{https://doi.org/10.48550/arxiv.1911.02534,
  doi = {10.48550/ARXIV.1911.02534},
  
  url = {https://arxiv.org/abs/1911.02534},
  
  author = {Bläser, Markus and Ikenmeyer, Christian and Lysikov, Vladimir and Pandey, Anurag and Schreyer, Frank-Olaf},
  
  keywords = {Computational Complexity (cs.CC), Algebraic Geometry (math.AG), Representation Theory (math.RT), FOS: Computer and information sciences, FOS: Computer and information sciences, FOS: Mathematics, FOS: Mathematics},
  
  title = {Variety Membership Testing, Algebraic Natural Proofs, and Geometric Complexity Theory},
  
  publisher = {arXiv},
  
  year = {2019},
  
  copyright = {arXiv.org perpetual, non-exclusive license}
}






@article{Toda92,
  title={Classes of arithmetic circuits capturing the complexity of computing the determinant},
  author={Toda, Seinosuke},
  journal={IEICE Transactions on Information and Systems},
  volume={75},
  number={1},
  pages={116--124},
  year={1992},
  publisher={The Institute of Electronics, Information and Communication Engineers}
}

@inproceedings{BI11,
  title={Geometric complexity theory and tensor rank},
  author={Peter B{\"u}rgisser and Christian Ikenmeyer},
  booktitle={Proceedings of the forty-third annual ACM symposium on Theory of computing},
  pages={509--518},
  year={2011}
}

@article{10.1093/imrn/rnac311,
    author = {Amanov, Alimzhan and Yeliussizov, Damir},
    title = "{Fundamental Invariants of Tensors, Latin Hypercubes, and Rectangular Kronecker Coefficients}",
    journal = {International Mathematics Research Notices},
    year = {2022},
    month = {11},
    abstract = "{We study polynomial SL-invariants of tensors, mainly focusing on fundamental invariants that are of smallest degrees. In particular, we prove that certain 3-dimensional analogue of the Alon–Tarsi conjecture on Latin cubes considered previously by Bürgisser and Ikenmeyer implies positivity of (generalized) Kronecker coefficients at rectangular partitions and as a result provides values for degree sequences of fundamental invariants.}",
    issn = {1073-7928},
    doi = {10.1093/imrn/rnac311},
    url = {https://doi.org/10.1093/imrn/rnac311},
    note = {rnac311},
    pages ={1-35},
    eprint = {https://academic.oup.com/imrn/advance-article-pdf/doi/10.1093/imrn/rnac311/48827105/rnac311.pdf},
}

@inproceedings{DBLP:conf/icalp/GrochowMQ16,
  author       = {Joshua A. Grochow and
                  Ketan D. Mulmuley and
                  Youming Qiao},
  editor       = {Ioannis Chatzigiannakis and
                  Michael Mitzenmacher and
                  Yuval Rabani and
                  Davide Sangiorgi},
  title        = {Boundaries of {VP} and {VNP}},
  booktitle    = {43rd International Colloquium on Automata, Languages, and Programming,
                  {ICALP} 2016, July 11-15, 2016, Rome, Italy},
  series       = {LIPIcs},
  volume       = {55},
  pages        = {34:1--34:14},
  publisher    = {Schloss Dagstuhl - Leibniz-Zentrum f{\"{u}}r Informatik},
  year         = {2016},
  url          = {https://doi.org/10.4230/LIPIcs.ICALP.2016.34},
  doi          = {10.4230/LIPIcs.ICALP.2016.34},
  timestamp    = {Tue, 11 Feb 2020 15:52:14 +0100},
  biburl       = {https://dblp.org/rec/conf/icalp/GrochowMQ16.bib},
  bibsource    = {dblp computer science bibliography, https://dblp.org}
}

@misc{arxiv,
	author = {Dutta, Pranjal and Gesmundo, Fulvio and Ikenmeyer, Christian and Jindal, Gorav and Lysikov, Vladimir},
	title = {{Fixed-parameter debordering of Waring rank}},
      year={2024},
      eprint={2401.07631},
      archivePrefix={arXiv},
      primaryClass={cs.CC},
    note={(Extended version of this paper)}
}



