@article{Anari2024,
  title = {Log-concave polynomials III: Masons ultra-log-concavity conjecture for independent sets of matroids},
  ISSN = {1088-6826},
  url = {http://dx.doi.org/10.1090/proc/16724},
  DOI = {10.1090/proc/16724},
  journal = {Proceedings of the American Mathematical Society},
  publisher = {American Mathematical Society (AMS)},
  author = {Anari,  Nima and Liu,  Kuikui and Oveis Gharan,  Shayan and Vinzant,  Cynthia},
  year = {2024},
  month = mar 
}

@misc{chin2024realstabilitylogconcavity,
      title={Real Stability and Log Concavity are coNP-Hard}, 
      author={Tracy Chin},
      year={2024},
      eprint={2405.00162},
      archivePrefix={arXiv},
      primaryClass={math.OC},
      url={https://arxiv.org/abs/2405.00162}, 
}

@article{Voutier1996,
   title={An effective lower bound for the height of algebraic numbers},
   volume={74},
   ISSN={1730-6264},
   url={http://dx.doi.org/10.4064/aa-74-1-81-95},
   DOI={10.4064/aa-74-1-81-95},
   number={1},
   journal={Acta Arithmetica},
   publisher={Institute of Mathematics, Polish Academy of Sciences},
   author={Voutier, Paul},
   year={1996},
   pages={81-95} 
}


@book{BerstelReutenauer2010, place={Cambridge}, series={Encyclopedia of Mathematics and its Applications}, title={Noncommutative Rational Series with Applications}, publisher={Cambridge University Press}, author={Berstel, Jean and Reutenauer, Christophe}, year={2010}, collection={Encyclopedia of Mathematics and its Applications}}


@article{beimelwfa200,
author = {Beimel, Amos and Bergadano, Francesco and Bshouty, Nader H. and Kushilevitz, Eyal and Varricchio, Stefano},
title = {Learning functions represented as multiplicity automata},
year = {2000},
issue_date = {May 2000},
publisher = {Association for Computing Machinery},
address = {New York, NY, USA},
volume = {47},
number = {3},
issn = {0004-5411},
url = {https://doi.org/10.1145/337244.337257},
doi = {10.1145/337244.337257},
journal = {J. ACM},
month = {may},
pages = {506-530},
numpages = {25},
keywords = {DNF, computational learning, learning disjoint, learning polynomials, multiplicity automata}
}

@article{fliess1974matrices,
  title={Matrices de hankel},
  author={Fliess, Michel},
  journal={J. Math. Pures Appl},
  volume={53},
  number={9},
  pages={197--222},
  year={1974}
}


@misc{shitov2016hard,
      title={How hard is the tensor rank?}, 
      author={Yaroslav Shitov},
      year={2016},
      eprint={1611.01559},
      archivePrefix={arXiv},
      primaryClass={math.CO}
}

@misc{charnoteskopparty23,
    title        = {Fourier Analysis},
    author       = {Swastik Kopparty},
    year         = 2023,
    howpublished = {\url{https://www.math.toronto.edu/swastik/courses/finitefields-F23/fourier.pdf}}
}


@article{KKRootFFPoly1990,
author = {Arnold Knopfmacher and John Knopfmacher},
title = {Counting polynomials with a given number of zeros in a finite field},
journal = {Linear and Multilinear Algebra},
volume = {26},
number = {4},
pages = {287-292},
year = {1990},
publisher = {Taylor & Francis},
doi = {10.1080/03081089008817985},
URL = {https://doi.org/10.1080/03081089008817985},
eprint = {https://doi.org/10.1080/03081089008817985}
}

@InProceedings{childsqpolyint201,
  author =	{Childs, Andrew M. and van Dam, Wim and Hung, Shih-Han and Shparlinski, Igor E.},
  title =	{{Optimal Quantum Algorithm for Polynomial Interpolation}},
  booktitle =	{43rd International Colloquium on Automata, Languages, and Programming (ICALP 2016)},
  pages =	{16:1--16:13},
  series =	{Leibniz International Proceedings in Informatics (LIPIcs)},
  ISBN =	{978-3-95977-013-2},
  ISSN =	{1868-8969},
  year =	{2016},
  volume =	{55},
  editor =	{Chatzigiannakis, Ioannis and Mitzenmacher, Michael and Rabani, Yuval and Sangiorgi, Davide},
  publisher =	{Schloss Dagstuhl -- Leibniz-Zentrum f{\"u}r Informatik},
  address =	{Dagstuhl, Germany},
  URL =		{https://drops.dagstuhl.de/entities/document/10.4230/LIPIcs.ICALP.2016.16},
  URN =		{urn:nbn:de:0030-drops-62985},
  doi =		{10.4230/LIPIcs.ICALP.2016.16},
  annote =	{Keywords: Quantum algorithms, query complexity, polynomial interpolation, finite fields}
}
@inproceedings{galby2015matrix,
  title={On matrix powering in low dimensions},
  author={Galby, Esther and Ouaknine, Jo{\"e}l and Worrell, James},
  booktitle={32nd International Symposium on Theoretical Aspects of Computer Science (STACS 2015)},
  year={2015},
  organization={Schloss Dagstuhl-Leibniz-Zentrum fuer Informatik}
}


@InProceedings{monsymvnphard22,
  author =	{Curticapean, Radu and Limaye, Nutan and Srinivasan, Srikanth},
  title =	{{On the VNP-Hardness of Some Monomial Symmetric Polynomials}},
  booktitle =	{42nd IARCS Annual Conference on Foundations of Software Technology and Theoretical Computer Science (FSTTCS 2022)},
  pages =	{16:1--16:14},
  series =	{Leibniz International Proceedings in Informatics (LIPIcs)},
  ISBN =	{978-3-95977-261-7},
  ISSN =	{1868-8969},
  year =	{2022},
  volume =	{250},
  editor =	{Dawar, Anuj and Guruswami, Venkatesan},
  publisher =	{Schloss Dagstuhl -- Leibniz-Zentrum f{\"u}r Informatik},
  address =	{Dagstuhl, Germany},
  URL =		{https://drops.dagstuhl.de/entities/document/10.4230/LIPIcs.FSTTCS.2022.16},
  URN =		{urn:nbn:de:0030-drops-174081},
  doi =		{10.4230/LIPIcs.FSTTCS.2022.16},
  annote =	{Keywords: algebraic complexity, symmetric polynomial, permanent, Sidon set}
}

@misc{detpermmarkusnotes,
    title        = {Determinant versus permanent},
    author       = {Markus Bl\"aser},
    year         = 2017,
    howpublished = {\url{https://conferences.mpi-inf.mpg.de/adfocs-17/material/MB_LN.pdf}}
}

@article{erdHos1968random,
  title={On random matrices II},
  author={Erd{\H{o}}s, P and R{\'e}nyi, A},
  journal={Studia Sci. Math. Hungar},
  volume={3},
  pages={459--464},
  year={1968}
}

@misc{burgisser2023hardness,
      title={On the Hardness of PosSLP}, 
      author={Peter B\"urgisser and Gorav Jindal},
      year={2023},
      eprint={2307.08008},
      archivePrefix={arXiv},
      primaryClass={cs.CC}
}

@article{v014a003,
 author = {Bl{\"a}ser, Markus and Jindal, Gorav and Pandey, Anurag},
 title = {A Deterministic PTAS for the Commutative Rank of Matrix Spaces},
 year = {2018},
 pages = {1--21},
 doi = {10.4086/toc.2018.v014a003},
 publisher = {Theory of Computing},
 journal = {Theory of Computing},
 volume = {14},
 number = {3},
 URL = {https://theoryofcomputing.org/articles/v014a003},
}

@inproceedings{sumofsqrissac2023,
author = {Jindal, Gorav and Gaillard, Louis},
title = {On the Order of Power Series and the Sum of Square Roots Problem},
year = {2023},
isbn = {9798400700392},
publisher = {Association for Computing Machinery},
address = {New York, NY, USA},
url = {https://doi.org/10.1145/3597066.3597079},
doi = {10.1145/3597066.3597079},
booktitle = {Proceedings of the 2023 International Symposium on Symbolic and Algebraic Computation},
pages = {354-362},
numpages = {9},
keywords = {Formal power series, Differential equations, Wronskian, Sum of square roots, Straight line Programs.},
location = {Troms\o{}, Norway},
series = {ISSAC '23}
}


@inproceedings{peterposslp2006,
  author={Allender, E. and Kjeldgaard-Pedersen, J. and Burgisser, P. and Miltersen, P.},
  booktitle={21st Annual IEEE Conference on Computational Complexity (CCC'06)}, 
  title={On the complexity of numerical analysis}, 
  year={2006},
  volume={},
  number={},
  pages={9 pp.-339},
  doi={10.1109/CCC.2006.30}
}


@article{Shpilka2010ArithmeticCA,
  title={Arithmetic Circuits: A survey of recent results and open questions},
  author={Amir Shpilka and Amir Yehudayoff},
  journal={Found. Trends Theor. Comput. Sci.},
  year={2010},
  volume={5},
  pages={207-388},
  url={https://api.semanticscholar.org/CorpusID:86398017}
}

@inproceedings{Lohrey2012AlgorithmicsOS,
  title={Algorithmics on SLP-compressed strings: A survey},
  author={Markus Lohrey},
  booktitle={Groups Complex. Cryptol.},
  year={2012},
  url={https://api.semanticscholar.org/CorpusID:11410540}
}

@article{joelorbit2016,
    author = {Chonev, Ventsislav and Ouaknine, Jo\"{e}l and Worrell, James},
    title = {On the Complexity of the Orbit Problem},
    year = {2016},
    issue_date = {September 2016},
    publisher = {Association for Computing Machinery},
    address = {New York, NY, USA},
    volume = {63},
    number = {3},
    issn = {0004-5411},
    url = {https://doi.org/10.1145/2857050},
    doi = {10.1145/2857050},
    journal = {J. ACM},
    month = {jun},
    articleno = {23},
    numpages = {18}
    }

      



@article{evertse1984sums,
  title={On sums of $ S $-units and linear recurrences},
  author={Evertse, Jan-Hendrik},
  journal={Compositio Mathematica},
  volume={53},
  number={2},
  pages={225--244},
  year={1984}
}

@article{PERRUCCI2007471,
title = {Real roots of univariate polynomials and straight line programs},
journal = {Journal of Discrete Algorithms},
volume = {5},
number = {3},
pages = {471-478},
year = {2007},
note = {Selected papers from Ad Hoc Now 2005},
issn = {1570-8667},
doi = {https://doi.org/10.1016/j.jda.2006.10.002},
url = {https://www.sciencedirect.com/science/article/pii/S1570866706000840},
author = {Daniel Perrucci and Juan Sabia},
keywords = {Real roots, Straight line program, Complexity},
abstract = {We give a new proof of the NP-hardness of deciding the existence of real roots of an integer univariate polynomial encoded by a straight line program based on certain properties of the Tchebychev polynomials. These techniques allow us to prove some new NP-hardness results related to real root approximation for polynomials given by straight line programs.}
}

@MISC {249847,
    TITLE = {Some Hankel Determinants},
    AUTHOR = {Ofir Gorodetsky (https://mathoverflow.net/users/31469/ofir-gorodetsky)},
    HOWPUBLISHED = {MathOverflow},
    NOTE = {URL:https://mathoverflow.net/q/249847 (version: 2016-09-17)},
    EPRINT = {https://mathoverflow.net/q/249847},
    URL = {https://mathoverflow.net/q/249847}
}

@article{LI201768,
title = {On rank-critical matrix spaces},
journal = {Differential Geometry and its Applications},
volume = {55},
pages = {68-77},
year = {2017},
note = {Geometry and complexity theory},
issn = {0926-2245},
doi = {https://doi.org/10.1016/j.difgeo.2017.08.002},
url = {https://www.sciencedirect.com/science/article/pii/S0926224517301080},
author = {Yinan Li and Youming Qiao},
keywords = {Rank-critical matrix spaces, Compression matrix spaces, Primitive matrix spaces}
}

@article{IVANYOS20151373,
title = {Generalized Wong sequences and their applications to Edmonds' problems},
journal = {Journal of Computer and System Sciences},
volume = {81},
number = {7},
pages = {1373-1386},
year = {2015},
issn = {0022-0000},
doi = {https://doi.org/10.1016/j.jcss.2015.04.006},
url = {https://www.sciencedirect.com/science/article/pii/S0022000015000446},
author = {Gabor Ivanyos and Marek Karpinski and Youming Qiao and Miklos Santha},
keywords = {Symbolic determinantal identity testing, Edmonds' problem, Maximum rank matrix completion, Derandomization, Wong sequences},
}


@article {edelmankostlan1995,
    AUTHOR = {Edelman, Alan and Kostlan, Eric},
     TITLE = {How many zeros of a random polynomial are real?},
   JOURNAL = {Bull. Amer. Math. Soc. (N.S.)},
  FJOURNAL = {American Mathematical Society. Bulletin. New Series},
    VOLUME = {32},
      YEAR = {1995},
    NUMBER = {1},
     PAGES = {1--37},
      ISSN = {0273-0979},
   MRCLASS = {60G99 (30B20 42A05)},
  MRNUMBER = {1290398},
MRREVIEWER = {Kambiz Farahmand},
       DOI = {10.1090/S0273-0979-1995-00571-9},
       URL = {https://doi.org/10.1090/S0273-0979-1995-00571-9},
}

@book{frobenius1897darstellung,
  title={{\"U}ber die Darstellung der endlichen Gruppen durch lineare Substitutionen},
  author={Frobenius, Georg},
  year={1897},
  publisher={Reichsdr.}
  
  
}

@article{chen2014brief,
  title={A brief introduction to olympiad inequalities},
  author={Chen, Evan},
  journal={URL: https://web.evanchen.cc/handouts/Ineq/en.pdf},
  year={2014}
}

@article{flanders62,
author = {Flanders, H.},
title = {On Spaces of Linear Transformations with Bounded Rank},
journal = {Journal of the London Mathematical Society},
volume = {s1-37},
number = {1},
pages = {10-16},
doi = {https://doi.org/10.1112/jlms/s1-37.1.10},
url = {https://londmathsoc.onlinelibrary.wiley.com/doi/abs/10.1112/jlms/s1-37.1.10},
eprint = {https://londmathsoc.onlinelibrary.wiley.com/doi/pdf/10.1112/jlms/s1-37.1.10},
year = {1962}
}


@misc{lorenzdef,
  doi = {10.48550/ARXIV.1902.03719},
  url = {https://arxiv.org/abs/1902.03719},
  author = {Branden, Petter and Huh, June},
  keywords = {Combinatorics (math.CO), Algebraic Geometry (math.AG), Probability (math.PR), FOS: Mathematics, FOS: Mathematics},
  title = {Lorentzian polynomials},
  publisher = {arXiv},
  year = {2019},
  copyright = {arXiv.org perpetual, non-exclusive license}
}  

@phdthesis{jesko2017,

author = {H{\"u}ttenhain, Jesko},
   title = {Geometric complexity theory and orbit closures of homogeneous forms},
   school = {Technische Universit{\"a}t Berlin},
   year = {2017},
   type = {Doctoral Thesis},
   address = {Berlin},
   doi = {10.14279/depositonce-6032},
   url = {http://dx.doi.org/10.14279/depositonce-6032}
}

@book{gathen_gerhard_2013,
  place={Cambridge}, 
  edition={3},
  title={Modern Computer Algebra},
  DOI={10.1017/CBO9781139856065}, 
  publisher={Cambridge University Press},
  author={von zur Gathen, Joachim and Gerhard, Jurgen}, 
  year={2013}}


@misc{burgisserergurcueto2018,
Author = {Peter Burgisser and Alperen A. Ergur and Josue Tonelli-Cueto},
Title = {On the Number of Real Zeros of Random Fewnomials},
Year = {2018},
Eprint = {arXiv:1811.09425},
}

@inproceedings{Nisan1992,
 author = {Nisan, Noam and Szegedy, Mario},
 title = {On the Degree of Boolean Functions As Real Polynomials},
 booktitle = {Proceedings of the Twenty-fourth Annual ACM Symposium on Theory of Computing},
 series = {STOC '92},
 year = {1992},
 isbn = {0-89791-511-9},
 location = {Victoria, British Columbia, Canada},
 pages = {462--467},
 numpages = {6},
 url = {http://doi.acm.org/10.1145/129712.129757},
 doi = {10.1145/129712.129757},
 acmid = {129757},
 publisher = {ACM},
 address = {New York, NY, USA},
}

@InProceedings{ILPinNPKannan,
author="Kannan, Ravindran
and Monma, Clyde L.",
editor="Henn, Rudolf
and Korte, Bernhard
and Oettli, Werner",
title="On the Computational Complexity of Integer Programming Problems",
booktitle="Optimization and Operations Research",
year="1978",
publisher="Springer Berlin Heidelberg",
address="Berlin, Heidelberg",
pages="161--172",
abstract="Recently much effort has been devoted to determining the computational complexity for a variety of integer programming problems. In this paper a general integer programming problem is shown to be NP-complete; the proof given for this result uses only elementary linear algebra. Complexity results are also summarized for several particularizations of this general problem, including knapsack problems, problems which relax integrality or non-negativity restrictions and integral optimization problems with a fixed number of variables.",
isbn="978-3-642-95322-4"
}


@article{blomer1993computing,
  title={Computing sums of radicals in polynomial time},
  author={Bl{\"o}mer, Johannes},
  year={1993}
}


@article{analyticpoly2002,
   title={Analytic Theory of Polynomials},
  author={Rahman, Q.I. and Rahman, D.M.S.Q.I. and Schmeisser, G. and Gerhard Schmeisser, math{\'e}maticien},
  isbn={9780198534938},
  lccn={2002030829},
  series={London Mathematical Society monographs},
  url={https://books.google.fi/books?id=FzFEEVO3PXYC},
  year={2002},
  publisher={Clarendon Press}
}

@article{landsberg2010,
  title={On the Ranks and Border Ranks of Symmetric Tensors},
  author={J. M. Landsberg and Z. Teitler},
  journal={Foundations of Computational Mathematics},
  year={2010},
  volume={10},
  pages={339-366}
}

@article{ballico2017,
author = {Ballico, Edoardo},
year = {2017},
month = {02},
pages = {},
title = {The stratification by rank for homogeneous polynomials with border rank 5 which essentially depend on 5 variables},
volume = {42},
journal = {Acta Mathematica Vietnamica},
doi = {10.1007/s40306-017-0211-6}
}

@article{kayalsahasqroot2012,
 author = {Kayal, Neeraj and Saha, Chandan},
 title = {On the Sum of Square Roots of Polynomials and Related Problems},
 journal = {ACM Trans. Comput. Theory},
 issue_date = {November 2012},
 volume = {4},
 number = {4},
 month = nov,
 year = {2012},
 issn = {1942-3454},
 pages = {9:1--9:15},
 articleno = {9},
 numpages = {15},
 url = {http://doi.acm.org/10.1145/2382559.2382560},
 doi = {10.1145/2382559.2382560},
 acmid = {2382560},
 publisher = {ACM},
 address = {New York, NY, USA},
 keywords = {Sum of square roots, arithmetic circuits, polynomials},
} 

  @article{koirantrinomial2019,
title = "Root separation for trinomials",
journal = "Journal of Symbolic Computation",
volume = "95",
pages = "151 - 161",
year = "2019",
issn = "0747-7171",
doi = "https://doi.org/10.1016/j.jsc.2019.02.004",
url = "http://www.sciencedirect.com/science/article/pii/S074771711930015X",
author = "Pascal Koiran",
keywords = "Root separation, Sparse polynomials, Linear forms in logarithms"
}

@misc{huang2019induced,
    title={Induced subgraphs of hypercubes and a proof of the Sensitivity Conjecture},
    author={Hao Huang},
    year={2019},
    eprint={1907.00847},
    archivePrefix={arXiv},
    primaryClass={math.CO}
}

@article{GOTSMAN1992142,
title = "The equivalence of two problems on the cube",
journal = "Journal of Combinatorial Theory, Series A",
volume = "61",
number = "1",
pages = "142 - 146",
year = "1992",
issn = "0097-3165",
doi = "https://doi.org/10.1016/0097-3165(92)90060-8",
url = "http://www.sciencedirect.com/science/article/pii/0097316592900608",
author = "C Gotsman and N Linial"
}

@article{cauchyinterlacetheorem2005,
author = {Fisk, Steve},
year = {2005},
month = {03},
pages = {},
title = {A very short proof of Cauchy's interlace theorem for eigenvalues of Hermitian matrices},
volume = {112},
journal = {Amer. Math. Monthly}
}

@article{laurent2015conic,
  title={Conic approach to quantum graph parameters using linear optimization over the completely positive semidefinite cone},
  author={Laurent, Monique and Piovesan, Teresa},
  journal={SIAM Journal on Optimization},
  volume={25},
  number={4},
  pages={2461--2493},
  year={2015},
  publisher={SIAM}
}


@misc{wocjan2019spectral,
    title={Spectral upper bound on the quantum k-independence number of a graph},
    author={Pawel Wocjan and Clive Elphick and Aida Abiad},
    year={2019},
    eprint={1910.07339},
    archivePrefix={arXiv},
    primaryClass={math.CO}
}

@article{Man_inska_2016,
   title={Quantum homomorphisms},
   volume={118},
   ISSN={0095-8956},
   url={http://dx.doi.org/10.1016/j.jctb.2015.12.009},
   DOI={10.1016/j.jctb.2015.12.009},
   journal={Journal of Combinatorial Theory, Series B},
   publisher={Elsevier BV},
   author={Mancinska, Laura and Roberson, David E.},
   year={2016},
   month={May},
   pages={228-267}
}

